Rank,Title,Publisher,Developer,Total Sales,Release Date,Last Update,Genre
1,Tetris,The Tetris Company,Alexey Pajitnov,496400000,1/1/1988,2/27/2020,Puzzle
2,Pokemon,Nintendo,Game Freak,480660000,9/28/1998,2/3/2020,Role-Playing
3,Super Mario,Nintendo,Nintendo,401830000,7/20/1983,2/20/2020,Platform
4,Grand Theft Auto,Rockstar Games,Rockstar North,400000000,3/27/1998,2/3/2020,Action-Adventure
5,Call of Duty,Activision,Infinity Ward,400000000,10/29/2003,2/3/2020,Shooter
6,FIFA,EA Sports,Extended Play Productions (1991-1997),325000000,12/15/1993,2/3/2020,Sports
7,Lego,Warner Bros. Interactive Entertainment,TT Fusion,203220000,9/26/1997,3/1/2020,Action-Adventure
8,Assassin's Creed,Ubisoft,Ubisoft,200000000,11/13/2007,2/11/2020,Action-Adventure
9,The Sims,Electronic Arts,Maxis,200000000,2/4/2000,2/18/2020,Simulation
10,Final Fantasy,Square,Square,180000000,12/18/1987,2/28/2020,Role-Playing
11,Mario Kart,Nintendo,Nintendo,176880000,9/1/1992,2/20/2020,Racing
12,Need for Speed,Electronic Arts,EA Black Box,150000000,8/31/1994,2/24/2020,Racing
13,Resident Evil,Capcom,Capcom,146000000,3/30/1996,2/3/2020,Action-Adventure
14,The Legend of Zelda,Nintendo,Nintendo,145480000,7/14/1987,2/3/2020,Action-Adventure
15,Tomb Raider,Eidos Interactive,Core Design,141000000,11/14/1996,2/27/2020,Action-Adventure
16,NBA 2K,2K Games,Visual Concepts,135000000,11/10/1999,2/16/2020,Sports
17,Madden NFL,Electronic Arts,Park Place Productions,130000000,6/1/1988,2/25/2020,Sports
18,Wii/Nintendo Sports,Nintendo,Nintendo,125640000,11/19/2006,2/7/2023,Sports
19,Pro Evolution Soccer/eFootball,Konami,Konami,112500000,12/22/1995,2/7/2022,Sports
20,Sonic the Hedgehog,Sega,Sonic Team,98030000,6/23/1991,2/7/2020,Platform
21,Monster Hunter,Capcom,Capcom,94000000,9/21/2004,2/3/2020,Role-Playing
22,The Elder Scrolls,Bethesda Softworks,Bethesda Softworks,92200000,3/25/1994,3/4/2020,Role-Playing
23,Gran Turismo,Sony Interactive Entertainment,Polyphony Digital,90000000,5/12/1998,2/5/2020,Racing
24,Dragon Quest,Square,ArtePiazza,88000000,5/27/1986,2/27/2020,Role-Playing
25,Halo,Microsoft Game Studios,Bungie,81000000,11/15/2001,2/3/2020,Shooter
26,Borderlands,2K Games,Gearbox Software,80000000,10/20/2009,2/5/2020,Shooter
27,Mortal Kombat,Warner Bros. Interactive Entertainment,Avalanche Software,80000000,10/8/1992,3/1/2020,Fighting
28,Battlefield,Electronic Arts,EA DICE,78900000,9/10/2002,2/23/2020,Shooter
29,Animal Crossing,Nintendo,Nintendo,77680000,9/16/2002,2/20/2020,Simulation
30,The Witcher,CD Projekt,CD Projekt Red Studio,75000000,10/30/2007,2/13/2020,Role-Playing
31,Red Dead,Rockstar Games,Rockstar San Diego,75000000,5/4/2004,2/26/2020,Action-Adventure
32,PUBG,PUBG Corporation,PUBG Corporation,75000000,12/20/2017,3/16/2020,Shooter
33,Worms,Team17,Team17,75000000,10/31/1995,1/26/2021,Strategy
34,Super Smash Bros.,Nintendo,Nintendo,73060000,4/26/1999,2/20/2020,Fighting
35,WWE 2K,2K Games,Visual Concepts,70000000,3/2/2000,3/2/2020,Fighting
36,Dragon Ball,Bandai,Tose,69850000,9/27/1986,3/5/2020,Role-Playing
37,God of War,Sony Interactive Entertainment,SIE Santa Monica Studio,69500000,3/22/2005,3/4/2020,Action
38,Civilization,Microprose,Firaxis Games,67000000,9/1/1991,2/5/2020,Strategy
39,Counter-Strike,Valve,Valve,65000000,11/9/2000,2/19/2020,Shooter
40,Donkey Kong,Nintendo,Nintendo,65000000,7/31/1981,2/21/2020,Platform
41,Metal Gear,Konami,Konami,59800000,7/13/1987,2/26/2020,Action-Adventure
42,Harry Potter/Wizarding World,Electronic Arts,Griptonite Games,57700000,11/15/2001,2/23/2023,Action-Adventure
43,Diablo,Blizzard Entertainment,Blizzard North,55000000,1/3/1997,2/18/2020,Role-Playing
44,Tekken,Namco,Bandai Namco Studios,54500000,12/11/1994,2/21/2020,Fighting
45,Lego Star Wars,Warner Bros. Interactive Entertainment,TT Fusion,53200000,3/29/2005,3/2/2020,Action-Adventure
46,Far Cry,Ubisoft,Ubisoft,52500000,3/23/2004,2/11/2020,Shooter
47,Street Fighter,Capcom,Capcom,52000000,8/30/1987,2/3/2020,Fighting
48,Bejeweled,PopCap Games,PopCap Games,50000000,5/30/2001,2/25/2020,Puzzle
49,Crash Bandicoot,Sony Interactive Entertainment,Naughty Dog,50000000,9/9/1996,3/2/2020,Platform
50,The Walking Dead: Telltale Games Series,Telltale Games,Telltale Games,50000000,4/24/2012,1/12/2021,Adventure
51,Warriors,KOEI,Omega Force,49950000,6/30/1997,3/24/2020,Action
52,Kirby,Nintendo,HAL Laboratory,49180000,8/1/1992,2/22/2020,Platform
53,Fallout,Bethesda Softworks,Interplay Entertainment,46430000,10/10/1997,3/7/2020,Role-Playing
54,Terraria,505 Games,Re-Logic,44500000,5/16/2011,3/7/2020,Action-Adventure
55,Uncharted,Sony Interactive Entertainment,Naughty Dog,44250000,11/20/2007,2/15/2020,Shooter
56,Wii Fit,Nintendo,Nintendo,43800000,5/21/2008,2/19/2020,Misc
57,Total War,Sega,Creative Assembly,43010000,6/13/2000,2/7/2020,Strategy
58,Star Wars: Battlefront,LucasArts,Pandemic Studios,43000000,9/21/2004,2/24/2020,Shooter
59,Spider-Man,Parker Brothers,Parker Brothers,42500000,1/1/1982,3/12/2020,Action-Adventure
60,BioShock,2K Games,Irrational Games,42000000,8/21/2007,2/8/2020,Shooter
61,Gears of War,Microsoft Game Studios,Epic Games,41000000,11/7/2006,3/11/2020,Shooter
62,Mega Man,Capcom,Capcom,40000000,12/17/1987,2/3/2020,Platform
63,Medal of Honor,Electronic Arts,"2015, Inc.",39000000,10/31/1999,2/24/2020,Shooter
64,The Last of Us,Sony Interactive Entertainment,Naughty Dog,37370000,6/14/2013,3/2/2020,Action-Adventure
65,Tom Clancy's Rainbow Six,Ubisoft,Ubisoft,36000000,8/21/1998,2/10/2020,Shooter
66,Kingdom Hearts,Square Enix,Square,36000000,9/17/2002,2/27/2020,Role-Playing
67,Souls,Bandai Namco Entertainment,From Software,35800000,10/6/2009,2/17/2020,Role-Playing
68,Brain Age,Nintendo,Nintendo,35090000,4/16/2006,2/20/2020,Puzzle
69,NBA Live,EA Sports,EA Canada,35000000,10/1/1994,2/24/2020,Sports
70,Tom Clancy's Ghost Recon,Ubisoft,Red Storm Entertainment,35000000,11/13/2001,3/12/2020,Shooter
71,Marvel's Spider-Man,Sony Interactive Entertainment,Insomniac Games,34500000,9/7/2018,1/8/2023,Action-Adventure
72,Dark Souls,Bandai Namco Entertainment,From Software,33400000,10/4/2011,10/22/2022,Role-Playing
73,Football Manager,Sega,Sports Interactive,33330000,11/5/2004,2/7/2020,Simulation
74,Half-life,Valve,Valve,33100000,11/19/1998,2/19/2020,Shooter
75,Horizon,Sony Interactive Entertainment,Guerrilla Games,32700000,2/28/2017,9/24/2020,Action-Adventure
76,Tony Hawk's,Activision,Neversoft,31120000,9/29/1999,3/9/2020,Sports
77,Tom Clancy's Splinter Cell,Ubisoft,Ubisoft,31000000,11/17/2002,2/8/2020,Action-Adventure
78,Age of Empires,Microsoft,Ensemble Studios,30820000,10/15/1997,3/12/2020,Strategy
79,Ratchet & Clank,Sony Interactive Entertainment,Insomniac Games,30810000,11/4/2002,3/10/2020,Shooter
80,Command & Conquer,Electronic Arts,Westwood Studios,30000000,9/26/1995,2/23/2020,Strategy
81,James Bond,Parker Bros.,Richard Shepherd Software,30000000,1/1/1983,3/8/2020,Action-Adventure
82,Mario & Sonic at the Olympic Games,Sega,Sega,30000000,11/6/2007,3/11/2020,Sports
83,Dying Light,Techland,Techland,30000000,1/27/2015,4/22/2022,Action-Adventure
84,Devil May Cry,Capcom,Capcom,29000000,10/16/2001,2/3/2020,Action
85,Splatoon,Nintendo,Nintendo,28920000,5/29/2015,2/16/2020,Shooter
86,Nintendogs,Nintendo,Nintendo,28640000,8/22/2005,2/20/2020,Simulation
87,Naruto: Ultimate Ninja,Bandai Namco Entertainment,CyberConnect2,28110000,6/26/2006,2/5/2020,Fighting
88,Farming Simulator,Astragon,Giants Software,28000000,4/14/2008,3/3/2020,Simulation
89,Tales of,Namco,Bandai Namco Studios,27750000,9/30/1998,2/6/2020,Role-Playing
90,Yoshi,Nintendo,Nintendo,27310000,6/1/1992,2/21/2020,Platform
91,Portal,Valve,Valve,27030000,10/10/2007,2/19/2020,Puzzle
92,Rayman,Ubisoft,Ubisoft,26000000,9/19/1995,2/10/2020,Platform
93,Puyo Puyo,Sega,Compile,25000000,2/11/2002,2/7/2020,Puzzle
94,Tiger Woods PGA Tour,EA Sports,EA Redwood Shores,25000000,8/31/1998,2/24/2020,Sports
95,Batman: Arkham,Warner Bros. Interactive Entertainment,Rocksteady Studios,24810000,8/25/2009,3/12/2020,Action-Adventure
96,Jikkyo Powerful Pro Yakyu,Konami,Konami,24700000,3/11/1994,2/26/2020,Sports
97,Petz,PF.Magic,PF Magic,24000000,1/1/1995,2/10/2020,Simulation
98,Yakuza,Sega,Sega,23240000,9/5/2006,3/2/2020,Action-Adventure
99,Luigi's Mansion,Nintendo,Nintendo,22620000,11/18/2001,2/20/2020,Action-Adventure
100,Teenage Mutant Ninja Turtles,Konami,Konami,22600000,5/12/1989,3/16/2020,Action-Adventure
101,Microsoft Flight Simulator,Microsoft,Sublogic,22200000,11/1/1982,10/6/2022,Simulation
102,SpongeBob SquarePants,THQ,Vicarious Visions,22000000,3/15/2001,3/7/2020,Action-Adventure
103,Yu-Gi-Oh!,Konami,Konami,21800000,3/20/2002,1/12/2021,Strategy
104,Castlevania,Konami,Konami,21630000,9/26/1986,3/3/2020,Action-Adventure
105,Dynasty Warriors,KOEI,Omega Force,21280000,6/30/1997,3/24/2020,Action
106,Imagine,Ubisoft,Ubisoft,21000000,10/1/2007,2/10/2020,Simulation
107,Naruto: Ultimate Ninja Storm,Namco Bandai Games,CyberConnect2,20800000,11/4/2008,10/17/2020,Fighting
108,The Lord of the Rings,Melbourne House,Beam Software,20570000,11/1/1982,3/9/2020,Action-Adventure
109,Super Robot Wars,Bandai,Banpresto,20060000,4/20/1991,2/19/2020,Role-Playing
110,Prince of Persia,Ubisoft,Broderbund,20000000,8/3/1989,2/9/2020,Action-Adventure
111,Rayman Raving Rabbids,Ubisoft,Ubisoft,20000000,11/19/2006,2/10/2020,Action-Adventure
112,Stardew Valley,Chucklefish,ConcernedApe,20000000,2/26/2016,2/12/2020,Simulation
113,Sniper Elite,Rebellion Developments,Rebellion Developments,20000000,10/18/2005,2/13/2020,Shooter
114,SimCity,Maxis,Maxis,20000000,2/2/1989,2/17/2020,Simulation
115,Frogger,Konami,Konami,20000000,10/23/1981,2/26/2020,Action
116,Spyro,Sony Interactive Entertainment,Insomniac Games,20000000,9/10/1998,3/6/2020,Platform
117,Gundam,Bandai,Banpresto,20000000,5/2/1997,3/8/2020,Action-Adventure
118,Lemmings,Psygnosis,DMA Design,20000000,2/14/1991,3/14/2020,Puzzle
119,Watch Dogs,Ubisoft,Ubisoft,20000000,5/27/2014,3/20/2020,Action-Adventure
120,Tom Clancy's The Division,Ubisoft,Massive Entertainment,20000000,3/8/2016,5/14/2020,Shooter
121,Simple,Agetec,Bandai Namco Studios,20000000,11/30/2002,1/12/2021,Misc
122,StarCraft,Blizzard Entertainment,Blizzard Entertainment,19100000,3/31/1998,2/18/2020,Strategy
123,Driver,GT Interactive,Ubisoft Reflections,19000000,6/30/1999,2/9/2020,Racing
124,WarCraft,Blizzard Entertainment,Blizzard Entertainment,19000000,11/23/1994,3/21/2020,Strategy
125,Persona,Atlus,Atlus,18960000,11/1/1996,2/3/2020,Role-Playing
126,Midnight Club,Rockstar Games,Rockstar San Diego,18500000,10/26/2000,2/15/2020,Racing
127,Professor Layton,Nintendo,Level-5,18000000,2/10/2008,2/4/2020,Adventure
128,Ace Combat,Namco,Namco,18000000,9/9/1995,3/11/2020,Simulation
129,Metroid,Nintendo,Nintendo,17990000,8/15/1987,2/19/2020,Action-Adventure
130,RollerCoaster Tycoon,Hasbro Interactive,Chris Sawyer Productions,17230000,3/22/1999,3/11/2020,Simulation
131,Zuma,PopCap Games,Oberon Media,17000000,12/12/2003,2/16/2020,Puzzle
132,SoulCalibur,Namco,Project Soul,17000000,12/20/1996,3/12/2020,Fighting
133,Pokemon Mystery Dungeon,Nintendo,Chunsoft,16860000,9/18/2006,3/3/2020,Role-Playing
134,Hitman,Eidos Interactive,IO Interactive,16590000,11/21/2000,2/28/2020,Action-Adventure
135,Mario Tennis,Nintendo,Nintendo,16530000,8/14/1995,2/21/2020,Sports
136,Deus Ex,Eidos Interactive,Ion Storm,16400000,6/17/2000,2/28/2020,Role-Playing
137,Dead Rising,Capcom,Capcom,16000000,8/8/2006,2/3/2020,Action-Adventure
138,Mass Effect,Electronic Arts,BioWare,16000000,11/20/2007,2/24/2020,Role-Playing
139,Dead Island,Deep Silver,Techland,16000000,9/6/2011,3/20/2020,Action-Adventure
140,Fire Emblem,Nintendo,Intelligent Systems,15390000,11/3/2003,7/23/2021,Strategy
141,Dragon Ball Xenoverse,Bandai Namco Games,Dimps Corporation,15350000,2/24/2015,2/13/2020,Fighting
142,Just Cause,Eidos Interactive,Avalanche Studios,15000000,9/27/2006,2/11/2020,Shooter
143,Famista,Namco,Namco,15000000,12/10/1986,2/22/2020,Sports
144,Burnout,EA Sports,Criterion Games,15000000,11/1/2001,2/23/2020,Racing
145,Gex,BMG Interactive Entertainment,Crystal Dynamics,15000000,4/1/1995,3/1/2020,Platform
146,Backyard Sports,Humongous Entertainment,Humongous Entertainment,15000000,1/1/1997,3/3/2020,Sports
147,Barbie,Hi Tech Expressions,Imagineering,15000000,12/1/1991,3/14/2020,Action-Adventure
148,Metro,THQ,4a-games,14700000,3/16/2010,2/14/2021,Shooter
149,Lego Batman,Warner Bros. Interactive Entertainment,TT Fusion,14400000,9/23/2008,7/20/2021,Action-Adventure
150,Everybody's Golf,Sony Interactive Entertainment,Camelot Software,14190000,4/30/1998,3/9/2020,Sports
151,Yo-kai Watch,Nintendo,Level 5,14000000,11/6/2015,2/16/2020,Role-Playing
152,Mafia,2K Games,Illusion Softworks,14000000,8/29/2002,11/6/2020,Action-Adventure
153,Paper Mario,Nintendo,Intelligent Systems,13330000,2/5/2001,2/21/2020,Role-Playing
154,ARMA,505 Games,Bohemia Interactive,13000000,5/4/2007,2/17/2020,Shooter
155,Scribblenauts,Warner Bros. Interactive Entertainment,5th Cell,13000000,9/15/2009,3/1/2020,Puzzle
156,Fable,Microsoft Game Studios,Big Blue Box,12580000,9/14/2004,7/25/2020,Role-Playing
157,Myst,Broderbund,"Cyan, Inc.",12500000,9/24/1993,3/9/2020,Adventure
158,Mario Golf,Nintendo,Nintendo,12220000,9/29/1991,2/21/2020,Sports
159,Mario & Luigi,Nintendo,AlphaDream,12200000,11/17/2003,2/21/2020,Role-Playing
160,Wario,Nintendo,Nintendo,12130000,3/13/1994,2/22/2020,Platform
161,Left 4 Dead,Valve,Valve,12000000,11/17/2008,2/19/2020,Shooter
162,Cooking Mama,Majesco Entertainment,Cooking Mama Limited,12000000,9/12/2006,2/22/2020,Simulation
163,Jak and Daxter,Sony Interactive Entertainment,Naughty Dog,12000000,12/3/2001,3/2/2020,Action-Adventure
164,SOCOM,Sony Interactive Entertainment,Zipper Interactive,12000000,8/27/2002,3/9/2020,Shooter
165,Little Nightmares,Bandai Namco Entertainment,Tarsier Studios,12000000,4/28/2017,3/15/2020,Platform
166,Bomberman,Konami,Hudson Soft,12000000,1/1/1987,2/19/2021,Puzzle
167,The Room,Fireproof Games,Fireproof Games,11600000,9/1/2012,3/18/2020,Puzzle
168,Max Payne,Rockstar Games,Remedy Entertainment,11500000,7/23/2001,11/6/2020,Shooter
169,Dragon Age,Electronic Arts,BioWare,11200000,11/3/2009,12/31/2020,Role-Playing
170,Big Brain Academy,Nintendo,Nintendo,11080000,6/5/2006,3/23/2020,Puzzle
171,Sniper: Ghost Warrior,City Interactive,CI Games,11000000,10/16/2008,1/11/2021,Shooter
172,Rocket League,Psyonix,Psyonix,10500000,7/7/2015,3/16/2020,Sports
173,Tomodachi,Nintendo,Nintendo,10480000,6/6/2014,2/19/2020,Simulation
174,Star Fox,Nintendo,Nintendo,10280000,3/26/1993,8/18/2020,Shooter
175,Nobunaga's Ambition,KOEI,Koei,10200000,3/1/1983,2/14/2020,Strategy
176,SaGa,Square Enix,Square,10100000,9/30/1990,2/29/2020,Role-Playing
177,Marvel vs. Capcom,Capcom,Capcom,10000000,12/1/1996,2/3/2020,Fighting
178,Ace Attorney,Capcom,Capcom,10000000,10/12/2005,2/4/2020,Adventure
179,Killing Floor,Tripwire Interactive,Tripwire Interactive,10000000,5/14/2009,2/7/2020,Shooter
180,The Settlers,Blue Byte,Blue Byte,10000000,6/30/1993,2/10/2020,Strategy
181,Pitfall,Activision,Activision,10000000,4/20/1982,2/16/2020,Platform
182,MX vs. ATV,THQ Nordic,Rainbow Studios,10000000,2/5/2001,4/26/2020,Racing
183,Broken Sword,Virgin Interactive,Revolution Software,10000000,9/30/1996,3/3/2021,Adventure
184,The Binding of Isaac,Edmund McMillen,Edmund McMillen,9930000,9/28/2011,3/23/2020,Action
185,NieR,Square Enix,Cavia,9700000,4/23/2010,2/11/2020,Action-Adventure
186,Dead or Alive,Tecmo,Team Ninja,9700000,3/31/1998,2/17/2020,Fighting
187,Payday,Daybreak Games,Overkill Software,9000000,10/18/2011,2/16/2020,Shooter
188,Silent Hill,Konami,Konami Computer Entertainment Tokyo,9000000,2/23/1999,2/26/2020,Action-Adventure
189,Ninja Gaiden,Tecmo,Tecmo,8960000,10/1/1988,1/23/2021,Action
190,Xeno,Square,Square,8900000,10/20/1998,3/14/2020,Role-Playing
191,Megami Tensei,Atlus,Atlus,8800000,10/12/2004,2/7/2020,Role-Playing
192,Onimusha,Capcom,Capcom,8600000,3/13/2001,2/4/2020,Action-Adventure
193,Monument Valley,Ustwo Games,Ustwo Games,8590000,4/3/2014,1/30/2021,Puzzle
194,Unreal,GT Interactive,Epic Games,8000000,5/22/1998,2/14/2020,Shooter
195,Romance of the Three Kingdoms,KOEI,Koei,8000000,12/10/1985,2/15/2020,Strategy
196,Moto Racer,Electronic Arts,SK Software International,8000000,9/3/1997,2/15/2020,Racing
197,Samurai Warriors,KOEI,Omega Force,8000000,5/6/2004,2/15/2020,Action
198,Inazuma Eleven,Level 5,Level 5,8000000,8/22/2008,2/17/2020,Role-Playing
199,Kinect Sports,Microsoft Game Studios,Rare,8000000,10/9/2010,3/10/2020,Sports
200,Cuphead,Studio MDHR,Studio MDHR,8000000,9/29/2017,3/11/2020,Platform
201,Dragon's Dogma,Capcom,Capcom,7700000,5/22/2012,2/4/2020,Role-Playing
202,Magicka,Paradox Interactive,Arrowhead Game Studios,7660000,1/25/2011,2/16/2021,Action-Adventure
203,Jurassic Park,Ocean Software,Ocean Software,7570000,12/28/1993,3/14/2020,Action-Adventure
204,Crysis,Electronic Arts,Crytek,7500000,11/13/2007,2/23/2020,Shooter
205,Baldur's Gate,Interplay Entertainment Corp.,BioWare,7470000,7/31/2000,2/13/2020,Role-Playing
206,Trine,Nobilis,Frozenbyte,7390000,7/3/2009,1/28/2021,Platform
207,The Forest,Endnight Games Ltd,Endnight Games Ltd,7300000,4/30/2018,2/27/2023,Simulation
208,Ark,Studio Wildcard,Studio Wildcard,7260000,8/27/2017,3/19/2020,Action-Adventure
209,Oddworld,GT Interactive,Oddworld Inhabitants,7200000,9/19/1997,2/14/2020,Action-Adventure
210,The Legend of Heroes: Trails,Xseed Games,Falcom,7000000,3/29/2011,2/6/2020,Role-Playing
211,Nioh,Koei Tecmo,Team Ninja,7000000,2/7/2017,2/8/2020,Role-Playing
212,Mana,Square,Square,7000000,11/1/1991,2/13/2020,Role-Playing
213,Rugrats,THQ,Realtime Associates,7000000,6/29/1999,2/13/2020,Action-Adventure
214,Project Gotham Racing,Sega,Bizarre Creations,7000000,1/15/2001,2/14/2020,Racing
215,"Warhammer 40,000: Dawn of War",THQ,Relic Entertainment,7000000,9/20/2004,11/16/2020,Strategy
216,DiRT,Codemasters,Codemasters,7000000,6/19/2007,1/26/2021,Racing
217,King's Quest,Sierra Online,On-Line Systems,7000000,5/10/1984,4/2/2021,Adventure
218,Mario Strikers,Nintendo,Next Level Games,6740000,12/5/2005,2/21/2020,Sports
219,Star Wars: Knights of the Old Republic,LucasArts,BioWare,6730000,7/15/2003,3/1/2020,Role-Playing
220,Lost Planet,Capcom,Capcom,6600000,1/12/2007,2/4/2020,Shooter
221,Ben 10,D3 Publisher,High Voltage Software,6600000,10/30/2007,11/18/2020,Action-Adventure
222,Diddy Kong Racing,Nintendo,Rare Ltd.,6470000,11/24/1997,2/22/2020,Racing
223,Elite,Imagineer,David Braben,6400000,9/20/1984,1/19/2021,Simulation
224,Atelier,Koei Tecmo,Gust,6380000,6/28/2005,12/12/2020,Role-Playing
225,Pikmin,Nintendo,Nintendo,6220000,12/2/2001,8/18/2020,Strategy
226,Pok√©mon Snap,Nintendo,HAL Laboratory,6030000,6/30/1999,8/5/2021,Simulation
227,Championship Manager,Domark Software,Intelek,6000000,9/1/1992,2/12/2020,Simulation
228,Conflict,Gotham Games,Pivotal Games,6000000,9/30/2002,2/12/2020,Shooter
229,NBA Jam,Midway,Midway,6000000,3/4/1994,2/24/2020,Sports
230,MotorStorm,Sony Interactive Entertainment,Evolution Studios,6000000,3/6/2007,3/27/2020,Racing
231,Dead Space,Electronic Arts,EA Redwood Shores,6000000,10/13/2008,3/27/2020,Action-Adventure
232,One Piece: Pirate Warriors,Bandai Namco Games,Omega Force,6000000,9/25/2012,11/13/2020,Action-Adventure
233,Mario vs. Donkey Kong,Nintendo,Nintendo Software Technology Corporation,5870000,5/24/2004,2/22/2020,Puzzle
234,Style Savvy,Nintendo,syn Sophia,5830000,11/2/2009,5/10/2022,Simulation
235,Trials,RedLynx,RedLynx,5700000,8/12/2009,4/26/2020,Platform
236,Anno,GT Interactive,Max Design,5700000,2/1/2000,5/12/2021,Simulation
237,Dishonored,Bethesda Softworks,Arkane Studios,5670000,10/9/2012,1/27/2021,Action-Adventure
238,XCOM,Microprose,Mythos Games,5550000,3/1/1994,8/10/2022,Strategy
239,Chrono,Square,Square,5450000,8/11/1995,2/12/2020,Role-Playing
240,Alien,Fox Interactive,Fox Video Games,5360000,1/1/1982,6/26/2023,Shooter
241,Slime Rancher,Monomi Park,Monomi Park,5300000,8/1/2017,9/23/2022,Simulation
242,Wolfenstein,Bethesda Softworks,Muse Software,5270000,9/1/1981,4/8/2021,Shooter
243,Subnautica,Unknown Worlds Entertainment,Unknown Worlds Entertainment,5230000,1/23/2018,3/3/2020,Adventure
244,Ridge Racer,Namco,Namco,5130000,12/1/1993,3/2/2021,Racing
245,Disgaea,Atlus,Nippon Ichi Software,5050000,8/27/2003,2/3/2021,Role-Playing
246,Kerbal Space Program,Private Division,Squad,5000000,4/27/2015,2/6/2020,Simulation
247,The Outer Worlds,Private Division,Obsidian Entertainment,5000000,10/25/2019,2/6/2020,Role-Playing
248,Tecmo Bowl,Tecmo,Tecmo,5000000,12/1/1987,2/8/2020,Sports
249,The Matrix,Infogrames,Shiny Entertainment,5000000,5/14/2003,2/8/2020,Action-Adventure
250,Torchlight,Encore,Runic Games,5000000,10/27/2009,3/20/2020,Role-Playing
251,Hyrule Warriors,Nintendo,Omega Force,5000000,9/26/2014,11/24/2020,Action
252,F-Zero,Nintendo,Nintendo,5000000,8/23/1991,4/21/2021,Racing
253,Close Combat,Microsoft,Atomic Games,5000000,7/1/1996,8/16/2021,Strategy
254,Danganronpa,NIS America,Spike Chunsoft,5000000,2/11/2014,10/20/2021,Adventure
255,Asterix,Atari,Atari,5000000,1/1/1983,9/21/2022,Action-Adventure
256,Darksiders,THQ,Vigil Games,4950000,1/5/2010,3/19/2020,Action-Adventure
257,Ys,Nihon Falcom Corp,Nihon Falcom,4800000,6/21/1987,2/9/2021,Role-Playing
258,Wizardry,Sirtech,Sir-Tech,4600000,9/1/1981,4/6/2021,Role-Playing
259,Ghosts 'n Goblins,Capcom,Capcom,4500000,9/19/1985,2/3/2020,Platform
260,This War of Mine,11 bit studios,11 bit studios,4500000,11/14/2014,3/14/2020,Strategy
261,Alan Wake,Microsoft Game Studios,Remedy Entertainment,4500000,5/18/2010,3/19/2020,Action-Adventure
262,Might and Magic,New World Computing,New World Computing,4500000,7/31/1990,3/14/2021,Role-Playing
263,Dino Crisis,Capcom,Capcom,4400000,8/31/1999,2/4/2020,Action-Adventure
264,Perfect Dark,Rare,Rare,4200000,5/22/2000,2/26/2021,Shooter
265,Bayonetta,Sega,PlatinumGames,4160000,1/5/2010,11/24/2020,Action
266,Sengoku BASARA,Capcom,Capcom,4100000,10/12/2005,2/4/2020,Action
267,Sakura Wars,Sega,Red Entertainment,4100000,3/30/2010,2/8/2020,Role-Playing
268,Okami,Capcom,Clover Studio,4000000,9/19/2006,2/4/2020,Action-Adventure
269,Risk of Rain,Chucklefish,Hopoo Games,4000000,11/8/2013,3/4/2020,Action-Adventure
270,God Eater,Bandai Namco Entertainment,Shift,4000000,3/15/2011,3/12/2020,Role-Playing
271,Company of Heroes,THQ,Relic Entertainment,4000000,9/12/2006,11/16/2020,Strategy
272,Zombie Army,Rebellion Developments,Rebellion Developments,4000000,2/28/2013,12/28/2020,Shooter
273,Monster Rancher,Tecmo,Tecmo,4000000,11/30/1997,1/23/2021,Role-Playing
274,Turok,Acclaim Entertainment,Iguana Entertainment,4000000,3/4/1997,4/15/2021,Shooter
275,S.T.A.L.K.E.R.,THQ,GSC Game World,4000000,3/20/2007,7/8/2021,Shooter
276,Octopath Traveler,Square Enix,Square Enix,4000000,7/13/2018,6/7/2023,Role-Playing
277,Remnant,Perfect World Entertainment,Gunfire Games,4000000,8/20/2019,8/2/2023,Shooter
278,Divinity,CDV Software Entertainment,Larian Studios,3980000,9/22/2002,3/15/2020,Role-Playing
279,Homefront,THQ,Kaos Studios,3800000,3/15/2011,2/14/2021,Shooter
280,Army of Two,Electronic Arts,EA Montreal,3600000,3/6/2008,8/15/2021,Shooter
281,Legacy of Kain,Crystal Dynamics,Silicon Knights,3500000,11/1/1996,2/28/2020,Action-Adventure
282,Drawn to Life,THQ,5th Cell,3500000,9/10/2007,3/1/2020,Action-Adventure
283,A Way Out,Electronic Arts,Hazelight,3500000,3/23/2018,3/11/2020,Action-Adventure
284,Croc,Fox Interactive,Argonaut Software,3500000,9/29/1997,6/26/2023,Platform
285,Star Ocean,Enix,tri-Ace,3440000,7/19/1996,1/15/2021,Role-Playing
286,Spintires,IMGN PRO,Saber Interactive,3390000,6/13/2014,3/4/2020,Simulation
287,Mario Baseball,Nintendo,Namco,3370000,8/29/2005,2/21/2020,Sports
288,Breath of Fire,Capcom,Capcom,3300000,8/10/1994,2/3/2020,Role-Playing
289,Commandos,Eidos Interactive,Pyro Studios,3300000,8/28/1998,2/12/2020,Strategy
290,Final Fight,Capcom,Capcom,3200000,12/1/1989,2/3/2020,Action
291,Front Mission,Square,G-Craft,3180000,2/29/2000,2/29/2020,Role-Playing
292,Kid Icarus,Nintendo,Nintendo,3120000,7/1/1987,5/10/2022,Platform
293,Parasite Eve,Square,Square,3100000,9/9/1998,2/29/2020,Role-Playing
294,Bravely,Nintendo,Silicon Studio,3100000,2/7/2014,2/29/2020,Role-Playing
295,Quake,GT Interactive,id Software,3100000,6/22/1996,2/25/2021,Shooter
296,Sacred,Encore,Ascaron,3090000,3/25/2004,4/21/2021,Role-Playing
297,Code Vein,Bandai Namco Entertainment,Bandai Namco Studios,3000000,9/27/2019,2/4/2020,Role-Playing
298,Your Shape,Ubisoft,Ubisoft,3000000,11/24/2009,2/10/2020,Sports
299,Rally Championship,Electronic Arts,Red Rat Software,3000000,1/31/2000,2/28/2020,Racing
300,Gungeon,Devolver Digital,Dodge Roll,3000000,4/5/2016,3/3/2020,Action-Adventure
301,Warhammer: Vermintide,Fatshark,Fatshark,3000000,10/23/2015,3/4/2020,Action
302,Syberia,Microids,Microids,3000000,1/9/2002,3/9/2021,Adventure
303,Frogwares' Sherlock Holmes,The Adventure Company,Frogwares,3000000,1/22/2003,3/9/2021,Adventure
304,Pajama Sam,Humongous Entertainment,Humongous Entertainment,3000000,8/6/1996,5/5/2021,Adventure
305,Shantae,Capcom,WayForward,3000000,6/2/2002,6/26/2021,Platform
306,Chivalry,Torn Banner Studios,Torn Banner Studios,3000000,9/10/2007,8/17/2021,Action
307,Warriors Orochi,KOEI,Omega Force,2930000,9/18/2007,10/17/2020,Action
308,Top Gun,Ocean Software,Ocean Software,2850000,12/1/1986,9/21/2022,Simulation
309,Superhot,SUPERHOT Team,SUPERHOT Team,2840000,2/25/2016,5/19/2020,Shooter
310,Ni no Kuni,Namco Bandai Games,Level 5,2830000,1/22/2013,2/6/2020,Role-Playing
311,Kane & Lynch,Eidos Interactive,IO Interactive,2820000,11/13/2007,10/18/2020,Shooter
312,Thief,Eidos Interactive,Looking Glass Studios,2810000,12/1/1998,2/28/2020,Action-Adventure
313,Hollow Knight,Team Cherry,Team Cherry,2800000,2/24/2017,3/14/2020,Action-Adventure
314,Valkyria Chronicles,Sega,Sega,2770000,11/4/2008,9/14/2020,Role-Playing
315,Shovel Knight,Yacht Club Games,Yacht Club Games,2650000,6/26/2014,2/28/2020,Platform
316,Mirror's Edge,Electronic Arts,EA DICE,2540000,11/11/2008,1/26/2021,Platform
317,Dungeon Siege,Microsoft,Gas Powered Games,2520000,4/5/2002,1/7/2021,Role-Playing
318,The 7th Guest,Virgin Interactive,Trilobyte,2520000,4/1/1993,6/9/2023,Puzzle
319,Prey,Bethesda Softworks,Human Head Studios,2500000,7/11/2006,1/27/2021,Shooter
320,Lumines,Ubisoft,Q Entertainment,2500000,3/23/2005,2/26/2021,Puzzle
321,Comanche,NovaLogic,NUKKLEAR,2500000,1/1/1992,3/27/2021,Simulation
322,BlazBlue,Aksys Games,Arc System Works,2440000,11/20/2008,2/19/2021,Fighting
323,Sonic & Sega All-Stars Racing,Sega,Sumo Digital,2430000,2/23/2010,11/13/2020,Racing
324,CSI: Crime Scene Investigation,Ubisoft,369 Interactive,2400000,3/26/2003,7/15/2021,Adventure
325,Realms of Arkania,Sirtech,Attic Entertainment Software GmbH,2400000,6/1/1993,5/11/2022,Role-Playing
326,The Escapists,Team17,Mouldy Toof Studios,2290000,2/13/2015,2/18/2021,Strategy
327,Project CARS,Bandai Namco Entertainment,Slightly Mad Studios,2260000,5/6/2015,3/17/2020,Racing
328,Valkyrie Profile,Enix,tri-Ace,2200000,8/29/2000,2/29/2020,Role-Playing
329,Deponia,Daedalic Entertainment,Daedalic Entertainment,2200000,8/6/2012,4/1/2021,Adventure
330,Carmageddon,Interplay Productions,Stainless Games,2000000,6/30/1997,2/28/2020,Racing
331,Fitness Boxing,Nintendo,Imagineer,2000000,1/4/2019,1/14/2021,Sports
332,Crusader Kings,Paradox Interactive,Paradox Development,2000000,9/28/2004,2/21/2021,Strategy
333,Hidden & Dangerous,TalonSoft,Illusion Softworks,2000000,7/26/1999,3/12/2021,Shooter
334,Atelier Ryza,Koei Tecmo,Gust,2000000,10/29/2019,3/29/2021,Role-Playing
335,Leisure Suit Larry,Sierra Online,Sierra On-Line,2000000,7/5/1987,4/8/2021,Adventure
336,Destroy All Humans!,THQ,Pandemic Studios,2000000,6/21/2005,7/8/2021,Action-Adventure
337,Fire Emblem Warriors,Nintendo,Omega Force,2000000,10/20/2017,8/17/2022,Action
338,Final Fantasy Pixel Remaster,Square Enix,Square Enix,2000000,7/28/2021,5/2/2023,Role-Playing
339,Tak,THQ,Avalanche Software,2000000,10/15/2003,5/21/2023,Platform
340,Zork,Infocom,"Infocom, Inc.",1930000,12/1/1980,12/28/2020,Adventure
341,Earth Defense Force,D3 Publisher,Sandlot,1850000,6/26/2003,9/21/2022,Shooter
342,Fatal Frame,Tecmo,Tecmo,1760000,3/8/2002,2/28/2022,Action-Adventure
343,Manhunt,Rockstar Games,Rockstar North,1700000,11/19/2003,4/2/2021,Action-Adventure
344,Senran Kagura,Xseed Games,Tamsoft,1650000,11/14/2013,2/6/2020,Action-Adventure
345,Poker Night,Telltale Games,Telltale Games,1620000,11/22/2010,7/14/2021,Misc
346,Bloodstained,Inti Creates,Inti Creates,1600000,5/24/2018,2/8/2021,Platform
347,Amnesia,Frictional Games,Frictional Games,1580000,9/8/2010,3/18/2021,Adventure
348,Rygar,Tecmo,Tecmo,1500000,4/17/1987,2/8/2020,Action-Adventure
349,Digimon Story: Cyber Sleuth,Bandai Namco Entertainment,Media.Vision,1500000,2/2/2016,2/22/2021,Role-Playing
350,Runaway,Tri Synergy,Pendulo Studios,1500000,8/20/2003,3/4/2021,Adventure
351,Dracula: Resurrection,DreamCatcher Interactive,Index+,1500000,6/1/2000,3/9/2021,Adventure
352,Heroes of Might and Magic,New World Computing,New World Computing,1500000,9/1/1995,3/14/2021,Strategy
353,Star Wars: Rebel Assault,LucasArts,LucasArts,1500000,11/1/1993,7/11/2021,Shooter
354,Attack on Titan,Spike Chunsoft,Spike Chunsoft,1440000,12/5/2013,3/24/2020,Action
355,1942,Capcom,Capcom,1400000,12/1/1984,2/4/2020,Shooter
356,Imperivm,Strategy First,Haemimont Games,1350000,8/21/2002,3/8/2021,Strategy
357,Homeworld,Sierra Studios,Relic Entertainment,1330000,9/28/1999,1/26/2021,Strategy
358,We Ski,Namco Bandai Games,Bandai Namco Studios,1300000,5/13/2008,11/21/2020,Sports
359,The Longest Journey,Tri Synergy,Funcom,1300000,11/16/2000,3/6/2021,Adventure
360,Red Steel,Ubisoft,Ubisoft Paris,1220000,11/19/2006,2/27/2021,Shooter
361,Age of Wonders,Paradox Interactive,Triumph Studios,1210000,11/11/1999,5/10/2023,Strategy
362,Commando,Capcom,Capcom,1200000,4/1/1985,2/3/2020,Shooter
363,Endless,Iceberg Interactive,Amplitude Studios,1200000,7/4/2012,2/16/2021,Strategy
364,Jane's AH-64D Longbow,Electronic Arts,Origin Systems,1200000,1/1/1996,3/15/2021,Simulation
365,Space Quest,Sierra Online,Sierra On-Line,1200000,10/1/1986,4/3/2021,Adventure
366,Legend of Grimrock,Almost Human,Almost Human Games,1160000,4/11/2012,2/16/2021,Action-Adventure
367,Gangsters,Eidos Interactive,Hothouse Creations,1000000,12/7/1998,2/28/2020,Strategy
368,Untitled Goose Game,Panic,House House,1000000,9/20/2009,3/3/2020,Simulation
369,Hellblade,Ninja Theory,Ninja Theory,1000000,8/8/2017,3/5/2020,Action-Adventure
370,Yooka-Laylee,Team 17,Playtonic Games,1000000,4/11/2017,3/15/2020,Platform
371,Don't Starve,Klei Entertainment,Klei Entertainment,1000000,4/23/2013,3/23/2020,Action-Adventure
372,Catherine,Atlus,Atlus,1000000,2/17/2011,3/27/2020,Puzzle
373,Toukiden,Tecmo Koei,Omega Force,1000000,2/11/2014,2/5/2021,Role-Playing
374,Caesar,Sierra Online,Impressions Games,1000000,10/12/1992,3/18/2021,Simulation
375,Atlantis,Interplay Productions,Cryo Interactive,1000000,9/30/1997,3/20/2021,Adventure
376,The Incredible Machine,Sierra Online,Jeff Tunnell Productions,1000000,1/1/1993,4/14/2021,Puzzle
377,Putt-Putt,Humongous Entertainment,Humongous Entertainment,1000000,1/1/1993,5/1/2021,Adventure
378,Galactic Civilizations,Strategy First,Stardock,880000,3/26/2003,3/16/2021,Strategy
379,Pool of Radiance,Strategic Simulations,Strategic Simulations,850000,6/1/1988,3/26/2021,Role-Playing
380,Imperialism,Strategic Simulations,Frog City Software,800000,9/3/1997,3/13/2021,Strategy
381,Little Big Adventure,Electronic Arts,Adeline Software,800000,10/1/1994,3/30/2021,Action-Adventure
382,Lamborghini,Titus,Titus France SA,790000,1/1/1994,6/27/2023,Racing
383,Akiba,Acquire,Acquire,770000,5/19/2011,2/3/2021,Action
384,Egypt,Cryo Interactive,Cryo Interactive,700000,1/1/1997,3/11/2021,Adventure
385,Civil War General,Sierra Online,Impressions Games,700000,8/24/1996,3/18/2021,Strategy
386,Cake Mania,Sandlot Games,Sandlot Games,700000,9/15/2006,5/5/2021,Puzzle
387,Cultures,Phenomedia,Funatics Software,700000,7/31/2001,7/4/2021,Strategy
388,IndyCar Racing,Papyrus,Papyrus Design Group,580000,1/1/1993,4/10/2021,Racing
389,General,Strategic Simulations,Strategic Simulations,550000,1/1/1994,3/17/2021,Strategy
390,Persona Arena,Atlus,Arc System Works,500000,3/1/2012,2/18/2021,Fighting
391,Still Life,The Adventure Company,Microids,500000,2/27/2003,3/8/2021,Adventure
392,Microsoft Entertainment Pack,Microsoft,Microsoft,500000,1/1/1990,3/21/2021,Misc
393,Uncle Albert,Emme Interactive,Lexis Numerique,500000,1/1/1998,3/22/2021,Adventure
394,Front Page Sports,Dynamix,Dynamix,500000,1/1/1992,4/5/2021,Sports
395,Ankh,bhv Software,DECK13 Interactive,500000,8/31/2006,4/21/2021,Adventure
396,Granblue Fantasy,Xseed Games,Cygames,450000,3/3/2020,4/23/2020,Role-Playing
397,Dragonlance,Strategic Simulations,Strategic Simulations,410000,1/1/1988,3/22/2021,Role-Playing
398,Agony,PlayWay,Madmind Studio,310000,5/29/2018,3/18/2020,Action-Adventure
399,God Wars,Kadokawa Games,Kadokawa Games,300000,6/20/2017,2/17/2020,Role-Playing
400,Gabriel Knight,Sierra Online,Sierra On-Line,300000,12/17/1993,4/10/2021,Adventure
401,Eye of the Beholder,Strategic Simulations,Westwood Associates,250000,1/1/1991,3/24/2021,Role-Playing
402,Fables & Fiends,Virgin Games,Westwood Studios,250000,8/1/1992,4/1/2021,Adventure
403,A-10 Tank Killer,Dynamix,Dynamix,250000,12/1/1989,4/5/2021,Simulation
404,Photo Kano,Kadokawa Games,Dingo,200000,2/2/2012,2/5/2020,Simulation
405,Blue Reflection,Koei Tecmo,Gust,200000,9/26/2017,2/28/2022,Role-Playing
406,Manhunter,Sierra Online,Evryware,200000,1/1/1988,10/5/2022,Adventure
407,Enchanter,Infocom,"Infocom, Inc.",160000,8/10/1983,12/28/2020,Adventure
408,Super Seducer,RLR Training Inc,RLR Training Inc,130000,3/6/2018,2/15/2021,Simulation
409,Phantasie,Strategic Simulations,Strategic Simulations,130000,1/1/1985,3/25/2021,Role-Playing
410,Planetfall,Infocom,"Infocom, Inc.",100000,7/8/1983,12/21/2020,Adventure
411,Yomawari,NIS America,Nippon Ichi Software,100000,10/25/2016,2/3/2021,Adventure
412,Savage Frontier,Strategic Simulations,Beyond Software,90000,1/1/1991,3/22/2021,Role-Playing
413,Gemstone,Strategic Simulations,Paradigm Creators,60000,1/1/1984,3/25/2021,Action-Adventure
414,Roadwar,Strategic Simulations,Strategic Simulations,60000,1/1/1986,3/25/2021,Strategy
415,Detective Pikachu,Nintendo,Creatures,,3/23/2018,6/21/2023,Adventure
