Rank,Title,Publisher,Developer,Total Sales,Release Date,Last Update,Genre
1,Minecraft,Mojang,Mojang AB,238000000,11/18/2011,10/8/2020,Action-Adventure
2,Grand Theft Auto V,Rockstar Games,Rockstar North,180000000,9/17/2013,10/8/2020,Action-Adventure
3,PlayerUnknown's Battlegrounds,PUBG Corporation,PUBG Corporation,70000000,12/17/2017,10/24/2020,Shooter
4,The Elder Scrolls V: Skyrim,Bethesda Softworks,Bethesda Game Studios,60000000,11/10/2011,10/27/2020,Role-Playing
5,Red Dead Redemption 2,Rockstar Games,Rockstar Studios,53000000,10/26/2018,10/8/2020,Action-Adventure
6,The Witcher 3: Wild Hunt,Warner Bros. Interactive Entertainment,CD Projekt Red Studio,50000000,5/18/2015,10/29/2020,Role-Playing
7,Terraria,Re-Logic,Re-Logic,44500000,5/16/2011,10/10/2020,Platform
8,The Legend of Zelda: Breath of the Wild,Nintendo,Nintendo,32350000,3/3/2017,2/7/2023,Action-Adventure
9,Call of Duty: Black Ops II,Activision,Treyarch,31000000,11/13/2012,8/15/2021,Shooter
10,Call of Duty: Black Ops,Activision,Treyarch,30000000,11/9/2010,10/14/2020,Shooter
11,Diablo III,Blizzard Entertainment,Blizzard Entertainment,30000000,5/15/2015,10/29/2020,Role-Playing
12,Call of Duty: Modern Warfare,Activision,Infinity Ward,30000000,10/25/2019,11/29/2020,Shooter
13,Call of Duty: Modern Warfare 3,Activision,Infinity Ward,30000000,11/8/2011,8/15/2021,Shooter
14,Grand Theft Auto: San Andreas,Rockstar Games,Rockstar North,27500000,10/26/2004,10/13/2020,Action-Adventure
15,Borderlands 2,2K Games,Gearbox Software,27000000,9/18/2012,10/27/2020,Shooter
16,FIFA 18,Electronic Arts,EA Vancouver,26400000,9/26/2017,10/15/2020,Sports
17,Grand Theft Auto IV,Rockstar Games,Rockstar North,25000000,12/2/2008,10/13/2020,Action-Adventure
18,Human: Fall Flat,Curve Digital,No Brakes Games,25000000,7/22/2016,2/11/2021,Platform
19,God of War (2018),Sony Interactive Entertainment,SIE Santa Monica Studio,23000000,4/20/2018,11/23/2022,Action
20,Monster Hunter: World,Capcom,Capcom,22700000,1/26/2018,10/13/2020,Role-Playing
21,Call of Duty: Modern Warfare 2,Activision,Infinity Ward,22700000,11/10/2009,10/14/2020,Shooter
22,Final Fantasy X/X-2,Square,Square,20800000,12/17/2001,10/19/2020,Role-Playing
23,Elden Ring,Bandai Namco Entertainment,From Software,20500000,2/25/2022,2/28/2022,Action-Adventure
24,FIFA 19,EA Sports,EA Vancouver,20000000,9/28/2018,10/15/2020,Sports
25,Fallout 4,Bethesda Softworks,Bethesda Game Studios,20000000,11/10/2015,10/30/2020,Role-Playing
26,Stardew Valley,ConcernedApe,ConcernedApe,20000000,2/26/2016,12/28/2020,Simulation
27,Dying Light,Warner Bros. Interactive Entertainment,Techland,20000000,1/27/2015,7/22/2021,Action-Adventure
28,Horizon: Zero Dawn,Sony Interactive Entertainment,Guerrilla Games,20000000,2/28/2017,2/11/2022,Action-Adventure
29,Cyberpunk 2077,CD Projekt Red Studio,CD Projekt Red Studio,20000000,12/10/2020,10/2/2022,Role-Playing
30,Call of Duty: Ghosts,Activision,Infinity Ward,19000000,11/5/2013,10/14/2020,Shooter
31,The Elder Scrolls Online,Bethesda Softworks,ZeniMax Online Studios,18000000,4/4/2014,10/27/2020,Role-Playing
32,Need for Speed: Most Wanted,Electronic Arts,EA Canada,17800000,11/15/2005,10/20/2020,Racing
33,Grand Theft Auto: Vice City,Rockstar Games,Rockstar North,17500000,10/29/2002,10/14/2020,Action-Adventure
34,Borderlands 3,2K Games,Gearbox Software,17000000,9/13/2019,10/27/2020,Shooter
35,Zuma,PopCap Games,Oberon Media,17000000,12/12/2003,11/30/2020,Puzzle
36,FIFA 11,EA Sports,EA Canada,16000000,9/28/2010,10/15/2020,Sports
37,The Sims,Electronic Arts,Maxis,16000000,2/4/2000,10/18/2020,Simulation
38,Call of Duty 4: Modern Warfare,Activision,Infinity Ward,15700000,11/5/2007,10/14/2020,Shooter
39,Call of Duty: World at War,Activision,Treyarch,15700000,11/11/2008,11/29/2020,Shooter
40,Need for Speed: Carbon,Electronic Arts,EA Canada,15600000,10/30/2006,8/30/2021,Racing
41,Need for Speed: Underground,Electronic Arts,EA Black Box,15000000,11/17/2003,10/20/2020,Racing
42,Assassin's Creed IV: Black Flag,Ubisoft,Ubisoft Montreal,15000000,10/29/2013,10/21/2020,Action-Adventure
43,Battlefield 3,Electronic Arts,EA DICE,15000000,10/25/2011,10/23/2020,Shooter
44,Mortal Kombat 11,Warner Bros. Interactive Entertainment,NetherRealm Studios,15000000,4/23/2019,10/28/2020,Fighting
45,Red Dead Redemption,Rockstar Games,Rockstar San Diego,15000000,5/18/2010,10/30/2020,Action-Adventure
46,Mario & Sonic at the Olympic Games,Sega,Sega Sports R&D,15000000,11/6/2007,11/9/2020,Sports
47,Theme Park,Bullfrog Productions,Bullfrog Productions,15000000,6/1/1994,9/26/2022,Simulation
48,Hogwarts Legacy,Warner Bros. Interactive Entertainment,Avalanche Software,15000000,2/10/2023,2/23/2023,Role-Playing
49,Grand Theft Auto III,Rockstar Games,Rockstar North,14500000,10/22/2001,10/14/2020,Action-Adventure
50,FIFA 13,EA Sports,EA Canada,14500000,9/25/2012,10/15/2020,Sports
51,Final Fantasy VII,Sony Computer Entertainment,Square,14100000,9/7/1997,10/9/2020,Role-Playing
52,Street Fighter II,Capcom,Capcom,14050000,2/15/1991,11/2/2022,Fighting
53,NBA 2K20,2K Sports,Visual Concepts,14000000,9/6/2019,10/22/2020,Sports
54,Star Wars Battlefront (2015),Electronic Arts,EA DICE,14000000,11/17/2015,10/31/2020,Shooter
55,Portal,Valve,Valve,13970000,10/10/2007,11/9/2020,Puzzle
56,Resident Evil 5,Capcom,Capcom,13900000,3/13/2009,10/11/2020,Action-Adventure
57,Monster Hunter Rise,Capcom,Capcom,13200000,3/26/2021,1/18/2022,Action-Adventure
58,Resident Evil 4,Capcom,Capcom,12800000,1/11/2005,10/11/2020,Action-Adventure
59,Resident Evil 2 (2019),Capcom,Capcom,12600000,1/25/2019,10/11/2020,Action-Adventure
60,Batman: Arkham City,Warner Bros. Interactive Entertainment,Rocksteady Studios,12500000,10/18/2011,11/9/2020,Action-Adventure
61,Rust,Facepunch Studios,Facepunch Studios,12480000,2/8/2018,1/10/2022,Action-Adventure
62,Resident Evil 7,Capcom,Capcom,12400000,1/24/2017,10/11/2020,Action-Adventure
63,Assassin's Creed III,Ubisoft,Ubisoft Montreal,12000000,10/30/2012,10/21/2020,Action-Adventure
64,NBA 2K19,2K Sports,Visual Concepts,12000000,9/11/2018,10/22/2020,Sports
65,Cities: Skylines,Paradox Interactive,Colossal Order,12000000,3/10/2015,1/27/2021,Simulation
66,Assetto Corsa,Kunos Simulazioni,Kunos Simulazioni,12000000,12/19/2014,5/31/2021,Racing
67,7 Days to Die,The Fun Pimps,The Fun Pimps,12000000,12/13/2013,8/15/2021,Role-Playing
68,Resident Evil 6,Capcom,Capcom,11100000,10/2/2012,10/11/2020,Action-Adventure
69,Need for Speed: Underground 2,Electronic Arts,EA Black Box,11000000,11/9/2004,10/20/2020,Racing
70,Tomb Raider (2013),Square Enix,Crystal Dynamics,11000000,3/5/2013,10/26/2020,Action-Adventure
71,Mortal Kombat X,Warner Bros. Interactive Entertainment,NetherRealm Studios,11000000,4/7/2015,10/28/2020,Fighting
72,Civilization VI,2K Games,Firaxis Games,11000000,10/21/2016,10/31/2020,Strategy
73,BioShock Infinite,2K Games,Irrational Games,11000000,3/26/2013,11/3/2020,Shooter
74,NBA 2K21,2K Sports,Visual Concepts,11000000,9/4/2020,11/6/2020,Sports
75,Lego Batman: The Videogame,Warner Bros. Interactive Entertainment,TT Fusion,11000000,9/23/2008,7/20/2021,Action-Adventure
76,God of War: Ragnar√∂k,Sony Interactive Entertainment,Sony Computer Entertainment,11000000,11/9/2022,11/23/2022,Action
77,Need for Speed: ProStreet,Electronic Arts,EA Black Box,10900000,11/14/2007,10/20/2020,Racing
78,Monster Hunter World: Iceborne,Capcom,Capcom,10500000,9/6/2019,10/13/2020,Role-Playing
79,Rocket League,Psyonix,Psyonix,10500000,7/7/2015,12/18/2020,Sports
80,Tekken 7,Bandai Namco Entertainment,Bandai Namco Studios,10000000,3/18/2015,10/9/2020,Fighting
81,Dead Cells,Motion Twin,Motion Twin,10000000,8/7/2018,10/9/2020,Action
82,FIFA 10,EA Sports,EA Canada,10000000,10/20/2009,10/15/2020,Sports
83,FIFA 12,EA Sports,EA Canada,10000000,9/27/2011,10/15/2020,Sports
84,The Sims 3,Electronic Arts,Maxis,10000000,6/2/2009,10/18/2020,Simulation
85,Final Fantasy XV,Square Enix,Square Enix,10000000,11/29/2016,10/19/2020,Role-Playing
86,Assassin's Creed Unity,Ubisoft,Ubisoft Montreal,10000000,11/11/2014,10/21/2020,Action-Adventure
87,Assassin's Creed Origins,Ubisoft,Ubisoft Montreal,10000000,10/27/2017,10/21/2020,Action-Adventure
88,Assassin's Creed Odyssey,Ubisoft,Ubisoft Quebec,10000000,10/5/2018,10/21/2020,Action-Adventure
89,NBA 2K18,2K Sports,Visual Concepts,10000000,9/19/2017,10/22/2020,Sports
90,Dragon Ball Xenoverse 2,Bandai Namco Entertainment,Dimps Corporation,10000000,10/25/2016,10/27/2020,Role-Playing
91,Dragon Ball FighterZ,Bandai Namco Entertainment,Arc System Works,10000000,1/26/2018,10/27/2020,Fighting
92,Far Cry 3,Ubisoft,Ubisoft Montreal,10000000,12/4/2012,10/28/2020,Shooter
93,Far Cry 4,Ubisoft,Ubisoft Montreal,10000000,11/18/2014,10/28/2020,Shooter
94,Far Cry 5,Ubisoft,Ubisoft,10000000,3/27/2018,10/28/2020,Shooter
95,Crash Bandicoot N. Sane Trilogy,Activision,Vicarious Visions,10000000,6/30/2017,10/30/2020,Platform
96,Tom Clancy's Rainbow Six Siege,Ubisoft,Ubisoft Montreal,10000000,12/1/2015,11/2/2020,Shooter
97,Tom Clancy's Ghost Recon Wildlands,Ubisoft,Ubisoft Paris,10000000,3/7/2017,11/2/2020,Shooter
98,Dark Souls III,Bandai Namco Entertainment,From Software,10000000,4/12/2016,11/8/2020,Role-Playing
99,Watch Dogs,Ubisoft,Ubisoft Montreal,10000000,5/27/2014,11/28/2020,Action-Adventure
100,Tom Clancy's The Division,Ubisoft,Massive Entertainment,10000000,3/8/2016,11/28/2020,Shooter
101,Watch Dogs 2,Ubisoft,Ubisoft Montreal,10000000,11/15/2016,11/28/2020,Action-Adventure
102,Tom Clancy's The Division 2,Ubisoft,Massive Entertainment,10000000,3/15/2019,11/28/2020,Shooter
103,Star Wars Jedi: Fallen Order,Electronic Arts,Respawn Entertainment,10000000,11/15/2019,12/30/2020,Action-Adventure
104,Titanfall,Electronic Arts,Respawn Entertainment,10000000,3/11/2014,2/21/2021,Shooter
105,It Takes Two,Electronic Arts,Hazelight,10000000,3/26/2021,4/23/2021,Action-Adventure
106,NBA 2K22,2K Sports,Visual Concepts,10000000,9/10/2021,9/21/2021,Sports
107,Ghost of Tsushima,Sony Interactive Entertainment,Sucker Punch,9730000,7/17/2020,7/16/2022,Action-Adventure
108,Street Fighter IV,Capcom,Capcom / Dimps Corporation,9700000,2/17/2009,10/10/2020,Fighting
109,Final Fantasy VIII,Square,Square,9600000,9/9/1999,10/19/2020,Role-Playing
110,Assassin's Creed II,Ubisoft,Ubisoft Montreal,9000000,11/17/2009,10/21/2020,Action-Adventure
111,Battlefield: Bad Company 2,Electronic Arts,EA DICE,9000000,3/2/2010,10/23/2020,Shooter
112,Star Wars Battlefront II (2017),Electronic Arts,EA DICE,9000000,11/17/2017,10/31/2020,Shooter
113,Harry Potter and the Chamber of Secrets,Electronic Arts,EA UK,9000000,11/15/2002,9/29/2022,Action-Adventure
114,Monster Hunter Generations,Capcom,Capcom,8900000,7/15/2016,10/13/2020,Role-Playing
115,Need for Speed: Undercover,Electronic Arts,EA Black Box,8900000,11/18/2008,10/20/2020,Racing
116,Naruto Shippuden: Ultimate Ninja Storm 4,Bandai Namco Entertainment,CyberConnect2,8700000,2/9/2016,11/16/2020,Fighting
117,The Legend of Zelda: Twilight Princess,Nintendo,Nintendo EAD,8690000,12/11/2006,2/9/2023,Action-Adventure
118,NBA 2K17,2K Sports,Visual Concepts,8500000,9/20/2016,10/22/2020,Sports
119,Metro Exodus,Deep Silver,4a-games,8500000,2/15/2019,2/17/2022,Shooter
120,Horizon: Forbidden West,Sony Interactive Entertainment,Guerrilla Games,8400000,2/18/2022,2/17/2022,Action-Adventure
121,Monster Hunter 4,Capcom,Capcom,8300000,2/13/2015,10/13/2020,Role-Playing
122,Resident Evil 8: Village,Capcom,Capcom,8300000,5/7/2021,5/11/2021,Action-Adventure
123,Lego Star Wars II: The Original Trilogy,LucasArts,TT Games,8200000,9/12/2006,6/9/2021,Action-Adventure
124,Grand Theft Auto: Liberty City Stories,Rockstar Games,Rockstar Leeds/North,8000000,10/24/2005,10/13/2020,Action-Adventure
125,Assassin's Creed,Ubisoft,Ubisoft Montreal,8000000,11/13/2007,10/20/2020,Action-Adventure
126,NBA 2K16,2K Sports,Visual Concepts,8000000,9/29/2015,10/22/2020,Sports
127,Detroit: Become Human,Sony Interactive Entertainment,Quantic Dream,8000000,5/25/2018,2/22/2021,Adventure
128,Cars,THQ,Rainbow Studios,8000000,6/6/2006,2/27/2021,Racing
129,FIFA 09,EA Sports,EA Canada,7800000,10/15/2008,10/20/2020,Sports
130,Final Fantasy XII,Square Enix,Square Enix,7710000,10/31/2006,10/19/2020,Role-Playing
131,Final Fantasy XIII,Square Enix,Square Enix,7710000,3/9/2010,10/19/2020,Role-Playing
132,Resident Evil 3 (2020),Capcom,Capcom,7600000,4/3/2020,10/11/2020,Action-Adventure
133,NieR: Automata,Square Enix,PlatinumGames,7500000,3/7/2017,12/24/2020,Role-Playing
134,Madden NFL 07,EA Sports,EA Tiburon,7400000,8/22/2006,10/19/2022,Sports
135,Battlefield V,Electronic Arts,EA DICE,7300000,11/20/2018,10/9/2020,Shooter
136,Street Fighter V,Capcom,Capcom,7300000,2/16/2016,10/13/2020,Fighting
137,Devil May Cry 5,Capcom,Capcom,7200000,3/8/2019,10/11/2020,Action
138,Assassin's Creed: Brotherhood,Ubisoft,Ubisoft Montreal,7200000,11/16/2010,10/21/2020,Action-Adventure
139,Persona 5,Atlus,Atlus,7200000,4/4/2017,12/6/2020,Role-Playing
140,Call of Duty 3,Activision,Treyarch,7200000,11/7/2006,9/26/2022,Shooter
141,Tomb Raider,Eidos Interactive,Core Design,7160000,11/14/1996,10/26/2020,Action-Adventure
142,Assassin's Creed: Revelations,Ubisoft,Ubisoft Montreal,7000000,11/15/2011,10/21/2020,Action-Adventure
143,NBA 2K14,2K Sports,Visual Concepts,7000000,10/1/2013,10/22/2020,Sports
144,NBA 2K15,2K Sports,Visual Concepts,7000000,10/7/2014,10/22/2020,Sports
145,Rise of the Tomb Raider,Square Enix,Crystal Dynamics,7000000,11/10/2015,10/26/2020,Action-Adventure
146,Mafia III,2K Games,Hangar 13,7000000,10/7/2016,11/6/2020,Action-Adventure
147,Ark: Survival Evolved,Studio Wildcard,Studio Wildcard,7000000,8/29/2017,12/31/2020,Action-Adventure
148,Star Wars: The Force Unleashed,LucasArts,LucasArts,7000000,9/16/2008,1/28/2021,Action-Adventure
149,Zumba Fitness,Majesco,Pipeworks Software,7000000,11/18/2010,7/20/2021,Sports
150,Grim Dawn,Crate Entertainment,Crate Entertainment,7000000,2/25/2016,2/28/2022,Role-Playing
151,The Room,Fireproof Games,Fireproof Games,6940000,9/1/2012,12/18/2020,Puzzle
152,Tomb Raider II,Eidos Interactive,Core Design,6850000,11/21/1997,10/26/2020,Action-Adventure
153,Kingdom Hearts III,Square Enix,Square Enix,6700000,1/29/2019,11/8/2020,Role-Playing
154,Lego Star Wars: The Video Game,Eidos Interactive,TT Games,6700000,3/29/2005,6/9/2021,Action-Adventure
155,Mario & Sonic at the Olympic Winter Games,Sega,Sega Sports R&D,6530000,10/13/2009,11/9/2020,Sports
156,Dragon Quest XI,Square Enix,Square Enix,6500000,9/4/2018,10/23/2020,Role-Playing
157,Marvel's Spider-Man: Miles Morales,Sony Interactive Entertainment,Insomniac Games,6500000,11/12/2020,2/3/2021,Action-Adventure
158,Madden NFL 06,EA Sports,EA Tiburon,6500000,8/8/2005,10/19/2022,Sports
159,Monster Hunter Rise: Sunbreak,Capcom,Capcom,6100000,6/30/2022,7/5/2022,Action-Adventure
160,Borderlands,2K Games,Gearbox Software,6000000,10/20/2009,10/27/2020,Shooter
161,Metal Gear Solid,Konami,Konami Computer Entertainment Japan,6000000,10/21/1998,10/28/2020,Action-Adventure
162,Metal Gear Solid V: The Phantom Pain,Konami,Kojima Productions,6000000,9/1/2015,10/28/2020,Action-Adventure
163,Star Wars: Battlefront II,LucasArts,Pandemic Studios,6000000,11/1/2005,10/31/2020,Shooter
164,Tom Clancy's Splinter Cell,Ubisoft,Ubisoft,6000000,11/17/2002,11/7/2020,Action-Adventure
165,Cuphead,Studio MDHR,Studio MDHR,6000000,9/29/2017,11/23/2020,Platform
166,Mass Effect 3,Electronic Arts,BioWare,6000000,3/6/2012,12/5/2020,Role-Playing
167,Limbo,Playdead,Playdead,6000000,7/21/2010,12/27/2020,Platform
168,Dragon Age: Inquisition,Electronic Arts,BioWare,6000000,11/18/2014,12/31/2020,Role-Playing
169,FIFA 07,Electronic Arts,EA Canada,6000000,9/25/2006,9/28/2022,Sports
170,Tekken 6,Namco Bandai Games,Namco Bandai Games,5980000,11/26/2007,10/29/2020,Fighting
171,Tomb Raider III,Eidos Interactive,Core Design,5940000,11/20/1998,10/26/2020,Action-Adventure
172,Call of Duty 2,Activision,Infinity Ward,5900000,10/25/2005,9/26/2022,Shooter
173,Final Fantasy IX,Square,Square,5830000,11/13/2000,10/19/2020,Role-Playing
174,Deep Rock Galactic,Coffee Stain Publishing,Ghost Ship Games,5810000,5/13/2020,1/26/2021,Shooter
175,DayZ,Bohemia Interactive,Bohemia Interactive,5800000,12/13/2018,12/20/2020,Action-Adventure
176,NBA 2K11,2K Sports,Visual Concepts,5500000,10/5/2010,10/22/2020,Sports
177,Saints Row: The Third,THQ,Volition,5500000,11/15/2011,12/6/2020,Action-Adventure
178,Donkey Kong Country: Tropical Freeze,Nintendo,Retro Studios,5440000,2/21/2014,7/21/2021,Platform
179,Devil May Cry 4,Capcom,Capcom,5400000,2/5/2008,10/11/2020,Action
180,Dragon Ball Xenoverse,Bandai Namco Games,Dimps Corporation,5350000,2/24/2015,10/27/2020,Role-Playing
181,Heavy Rain,Sony Computer Entertainment,Quantic Dream,5300000,2/23/2010,3/8/2021,Adventure
182,Resident Evil (2002),Capcom,Capcom,5250000,9/13/2002,10/11/2020,Action-Adventure
183,Subnautica,Unknown Worlds Entertainment,Unknown Worlds Entertainment,5230000,1/23/2018,1/8/2021,Adventure
184,Dragon's Dogma: Dark Arisen,Capcom,Capcom,5200000,4/23/2013,1/8/2021,Role-Playing
185,Monument Valley,Ustwo Games,Ustwo Games,5100000,4/3/2014,1/30/2021,Puzzle
186,Resident Evil,Capcom,Capcom,5080000,3/30/1996,10/11/2020,Action-Adventure
187,Resident Evil Zero,Capcom,Capcom,5050000,11/12/2002,10/11/2020,Action-Adventure
188,Madden NFL 12,EA Sports,EA Tiburon,5000000,8/30/2011,10/15/2020,Sports
189,Madden NFL 11,EA Sports,EA Canada,5000000,8/10/2010,10/20/2020,Sports
190,Need for Speed: Hot Pursuit (2010),Electronic Arts,Criterion Games,5000000,11/16/2010,10/20/2020,Racing
191,Medal of Honor (2010),Electronic Arts,Danger Close Games,5000000,10/12/2010,11/2/2020,Shooter
192,Batman: Arkham Knight,Warner Bros. Interactive Entertainment,Rocksteady Studios,5000000,6/23/2015,11/9/2020,Action-Adventure
193,Dead Island,Deep Silver,Techland,5000000,9/6/2011,1/8/2021,Action-Adventure
194,Enter the Matrix,Atari,Shiny Entertainment,5000000,5/14/2003,1/9/2021,Action-Adventure
195,Kerbal Space Program,Private Division,Squad,5000000,4/27/2015,1/10/2021,Simulation
196,Worms,Ocean Software,Team17,5000000,11/17/1995,1/26/2021,Strategy
197,Dead by Daylight,Behaviour Interactive,Behaviour Interactive,5000000,6/14/2016,2/8/2021,Action
198,Sekiro: Shadows Die Twice,Activision,From Software,5000000,3/22/2019,2/12/2021,Action-Adventure
199,The Long Dark,Hinterland Studio Inc.,Hinterland Studio Inc.,5000000,8/1/2017,2/18/2021,Simulation
200,Peter Jackson's King Kong: The Official Game of the Movie,Ubisoft,Ubisoft Montpellier,5000000,11/17/2005,2/23/2021,Action-Adventure
201,L.A. Noire,Rockstar Games,Team Bondi,5000000,5/17/2011,3/11/2021,Adventure
202,South Park: The Stick of Truth,Ubisoft,Obsidian Entertainment,5000000,3/4/2014,4/16/2021,Role-Playing
203,Death Stranding,Sony Interactive Entertainment,Kojima Productions,5000000,11/8/2019,7/26/2021,Action-Adventure
204,Slime Rancher,Monomi Park,Monomi Park,5000000,8/1/2017,1/15/2022,Simulation
205,Diablo II: Resurrected,Blizzard Entertainment,Vicarious Visions,5000000,9/23/2021,4/17/2022,Role-Playing
206,Dying Light 2 Stay Human,Techland,Techland,5000000,2/4/2022,4/22/2022,Action-Adventure
207,Resident Evil 4 (2023),Capcom,Capcom,5000000,3/24/2023,6/2/2022,Action-Adventure
208,Madden NFL 2004,EA Sports,EA Tiburon,5000000,8/12/2003,10/19/2022,Sports
209,Finding Nemo,THQ,Traveller's Tales,5000000,5/12/2003,5/24/2023,Action-Adventure
210,Dark Souls,Namco Bandai Games,From Software,4960000,10/4/2011,11/20/2020,Role-Playing
211,Yoshi,Nintendo,Game Freak,4870000,6/1/1992,11/9/2020,Puzzle
212,Tomb Raider: The Last Revelation,Eidos Interactive,Core Design,4740000,11/22/1999,10/26/2020,Action-Adventure
213,Sonic Heroes,Sega,Sonic Team,4580000,1/6/2004,11/14/2020,Platform
214,Dragon Ball Z: Kakarot,Bandai Namco Entertainment,CyberConnect2,4500000,1/17/2020,10/9/2020,Role-Playing
215,Grand Theft Auto: Vice City Stories,Rockstar Games,Rockstar Leeds/North,4500000,10/31/2006,10/13/2020,Action-Adventure
216,Monster Hunter 3,Capcom,Capcom,4500000,4/20/2010,10/13/2020,Role-Playing
217,FIFA Football 2005,EA Sports,EA Canada,4500000,10/12/2004,10/15/2020,Sports
218,Madden NFL 09,EA Sports,EA Tiburon,4500000,8/12/2008,10/22/2020,Sports
219,NBA 2K13,2K Sports,Visual Concepts,4500000,10/2/2012,10/22/2020,Sports
220,This War of Mine,11 bit studios,11 bit studios,4500000,11/14/2014,1/10/2021,Strategy
221,FIFA 08,EA Sports,EA Canada,4500000,10/8/2007,4/17/2021,Sports
222,Call of Duty,Activision,Infinity Ward,4500000,10/29/2003,9/26/2022,Shooter
223,Madden NFL 08,EA Sports,EA Tiburon,4500000,8/14/2007,10/19/2022,Sports
224,Dead Rising 3,Microsoft Studios,Capcom,4400000,11/22/2013,11/2/2022,Action-Adventure
225,Batman: Arkham Asylum,Warner Bros. Interactive Entertainment,Rocksteady Studios,4300000,8/25/2009,11/9/2020,Action-Adventure
226,DmC: Devil May Cry,Capcom,Ninja Theory,4200000,1/15/2013,10/10/2020,Action
227,Tennis,Nintendo,Nintendo,4160000,10/18/1985,12/5/2020,Sports
228,Shadow of the Tomb Raider,Square Enix,Eidos Montreal,4120000,9/14/2018,10/26/2020,Action-Adventure
229,The Outer Worlds,Private Division,Obsidian Entertainment,4000000,10/25/2019,10/10/2020,Role-Playing
230,Madden NFL 10,EA Sports,EA Tiburon,4000000,8/13/2009,10/15/2020,Sports
231,Need for Speed: Shift,Electronic Arts,Slightly Mad Studios,4000000,9/15/2009,10/15/2020,Racing
232,Need for Speed Rivals,Electronic Arts,Ghost Games,4000000,11/15/2013,10/20/2020,Racing
233,NBA 2K12,2K Sports,Visual Concepts,4000000,10/4/2011,10/22/2020,Sports
234,Lego Jurassic World,Warner Bros. Interactive Entertainment,TT Fusion,4000000,6/12/2015,10/22/2020,Action-Adventure
235,WWE SmackDown vs. Raw 2009,THQ,THQ,4000000,11/9/2008,10/24/2020,Sports
236,The Elder Scrolls III: Morrowind,Bethesda Softworks,Bethesda Game Studios,4000000,5/1/2002,10/27/2020,Role-Playing
237,Far Cry Primal,Ubisoft,Ubisoft Montreal,4000000,2/23/2016,10/28/2020,Action-Adventure
238,Star Wars: Battlefront,LucasArts,Pandemic Studios,4000000,9/21/2004,10/31/2020,Shooter
239,BioShock,2K Games,2K Boston,4000000,8/21/2007,11/3/2020,Shooter
240,Max Payne 3,Rockstar Games,Rockstar Studios,4000000,5/15/2012,11/6/2020,Shooter
241,Sonic Colors,Sega,Sonic Team/Dimps Corporation,4000000,11/16/2010,11/14/2020,Platform
242,The Lord of the Rings: The Two Towers,Electronic Arts,Stormfront Studios,4000000,10/21/2002,12/3/2020,Action
243,Ace Combat 7: Skies Unknown,Bandai Namco Entertainment,Bandai Namco Studios,4000000,1/18/2019,12/3/2020,Simulation
244,Dead Space 2,Electronic Arts,Visceral Games,4000000,1/25/2011,1/4/2021,Action-Adventure
245,Ratatouille,THQ,Heavy Iron Studios,4000000,6/26/2007,3/1/2021,Platform
246,Max Payne,Gathering of Developers,Remedy Entertainment,4000000,7/23/2001,3/13/2021,Shooter
247,The Simpsons Game,Electronic Arts,EA Redwood Shores,4000000,10/30/2007,4/17/2021,Platform
248,Teenage Mutant Ninja Turtles,Ultra Games,Konami,4000000,6/25/1989,4/23/2022,Platform
249,Driver,GT Interactive,Reflections Interactive,4000000,6/30/1999,9/27/2022,Action-Adventure
250,Madden NFL 2005,EA Sports,EA Tiburon,4000000,8/9/2004,10/19/2022,Sports
251,Persona 5 Royal,Sega,Atlus,4000000,3/31/2020,12/1/2022,Role-Playing
252,The Incredibles,THQ,Heavy Iron Studios,4000000,11/1/2004,5/21/2023,Action-Adventure
253,Dark Souls II,Bandai Namco Games,From Software,3920000,3/11/2014,11/23/2020,Role-Playing
254,Final Fantasy III,Square,Square,3860000,4/27/1990,10/19/2020,Role-Playing
255,Final Fantasy VI,Square,Square,3810000,4/2/1994,10/19/2020,Role-Playing
256,Hitman 2: Silent Assassin,Eidos Interactive,IO Interactive,3710000,10/1/2002,10/26/2020,Action-Adventure
257,Hitman: Absolution,Square Enix,IO Interactive,3600000,11/20/2012,10/26/2020,Action-Adventure
258,Nioh,Koei Tecmo,Team Ninja,3500000,2/9/2017,10/17/2020,Action
259,Final Fantasy IV,Square,Square,3500000,7/19/1991,10/19/2020,Role-Playing
260,WWE SmackDown vs. Raw 2010,THQ,THQ,3500000,10/20/2009,10/24/2020,Sports
261,WWE SmackDown vs. Raw 2011,THQ,THQ,3500000,10/6/2010,10/24/2020,Sports
262,Mortal Kombat: Deadly Alliance,Midway Games,Midway Games,3500000,11/16/2002,10/28/2020,Fighting
263,Mario Tennis,Nintendo,Camelot Software Planning,3500000,8/28/2000,12/5/2020,Sports
264,Oddworld: Abe's Oddysee,GT Interactive,Oddworld Inhabitants,3500000,9/18/1997,1/1/2021,Platform
265,Elite Dangerous,Frontier Developments,Frontier Developments,3500000,12/16/2014,1/19/2021,Simulation
266,Monument Valley 2,Ustwo Games,Ustwo Games,3500000,6/5/2017,1/30/2021,Puzzle
267,A Way Out,Electronic Arts,Hazelight,3500000,3/23/2018,2/12/2021,Action-Adventure
268,Captain Toad: Treasure Tracker,Nintendo,Nintendo,3500000,12/5/2014,3/3/2021,Puzzle
269,Duke Nukem 3D,FormGen,3D Realms,3500000,1/29/1996,3/14/2021,Shooter
270,Doom,id Software,id Software,3500000,12/10/1993,3/19/2021,Shooter
271,UFC 2009 Undisputed,THQ,THQ,3500000,5/19/2009,7/8/2021,Fighting
272,Doom 3,Activision,id Software,3500000,8/3/2004,4/24/2022,Shooter
273,Grand Theft Auto,ASC Games,DMA Design,3500000,3/24/1998,9/28/2022,Action-Adventure
274,Sonic Frontiers,Sega,Sonic Team,3500000,11/8/2022,12/13/2022,Platform
275,Darksiders,THQ,Vigil Games,3480000,1/5/2010,1/9/2021,Action-Adventure
276,Lego Star Wars: The Complete Saga,LucasArts,TT Fusion,3400000,11/9/2007,11/3/2020,Action-Adventure
277,SimCity 2000,Maxis,Maxis,3400000,1/1/1993,11/27/2020,Simulation
278,Saints Row 2,THQ,Volition,3400000,10/14/2008,12/6/2020,Action-Adventure
279,Lego Batman 2: DC Super Heroes,Warner Bros. Interactive Entertainment,TT Fusion,3400000,6/19/2012,7/20/2021,Action-Adventure
280,Final Fantasy XIII-2,Square Enix,Square,3340000,1/31/2012,10/19/2020,Role-Playing
281,The Room Two,Fireproof Games,Fireproof Games,3280000,12/12/2013,12/18/2020,Puzzle
282,Dead Rising,Capcom,Capcom,3200000,8/8/2006,10/10/2020,Action
283,Resident Evil: Revelations 2,Capcom,Capcom,3200000,2/24/2015,10/11/2020,Action-Adventure
284,Dragon Age: Origins,Electronic Arts,BioWare,3200000,11/3/2009,12/31/2020,Role-Playing
285,Star Wars: Knights of the Old Republic,LucasArts,BioWare,3200000,7/15/2003,1/4/2021,Role-Playing
286,Alan Wake,Microsoft Game Studios,Remedy Entertainment,3200000,5/18/2010,1/9/2021,Action-Adventure
287,Lego Star Wars: The Skywalker Saga,Warner Bros. Interactive Entertainment,TT Games,3200000,4/5/2022,4/22/2022,Action-Adventure
288,SimCity,Maxis,Maxis,3180000,2/2/1989,11/27/2020,Simulation
289,Dead Rising 2,Capcom,Blue Castle Games,3100000,9/28/2010,10/12/2020,Action-Adventure
290,SoulCalibur IV,Namco Bandai Games,Project Soul,3020000,7/29/2008,11/20/2020,Fighting
291,Code Vein,Bandai Namco Entertainment,Bandai Namco Studios,3000000,9/27/2019,10/9/2020,Role-Playing
292,WWE 2K15,2K Sports,THQ,3000000,10/28/2014,10/24/2020,Sports
293,WWE 2K17,2K Sports,THQ,3000000,10/11/2016,10/24/2020,Sports
294,Mortal Kombat,Midway,Midway,3000000,10/8/1992,10/28/2020,Fighting
295,Mortal Kombat (2011),Warner Bros. Interactive Entertainment,NetherRealm Studios,3000000,4/19/2011,10/28/2020,Fighting
296,Civilization II,Microprose,MicroProse,3000000,2/29/1996,10/31/2020,Strategy
297,BioShock 2,2K Games,2K Marin,3000000,2/9/2010,11/3/2020,Shooter
298,PGA Tour 2K21,2K Sports,HB Studios,3000000,8/21/2020,11/6/2020,Sports
299,Command & Conquer,Virgin Interactive,Westwood Studios,3000000,9/26/1995,11/8/2020,Strategy
300,Shaun White Snowboarding,Ubisoft,Ubisoft Montreal,3000000,11/16/2008,11/26/2020,Sports
301,World War Z,Mad Dog Games,Saber Interactive,3000000,4/16/2019,11/27/2020,Shooter
302,Mass Effect: Andromeda,Electronic Arts,BioWare,3000000,3/21/2017,12/5/2020,Role-Playing
303,Control,505 Games,Remedy Entertainment,3000000,8/27/2019,12/9/2020,Action-Adventure
304,Farming Simulator 15Ôªø,Focus Home Interactive,Giants Software,3000000,10/30/2014,12/18/2020,Simulation
305,Bastion,Warner Bros. Interactive Entertainment,Supergiant Games,3000000,7/20/2011,12/27/2020,Role-Playing
306,Crysis 2,Electronic Arts,Crytek,3000000,3/22/2011,12/31/2020,Shooter
307,Risk of Rain,Chucklefish,Hopoo Games,3000000,11/8/2013,1/10/2021,Platform
308,Kingdom Come: Deliverance,Deep Silver,Warhorse Studios,3000000,2/13/2018,1/10/2021,Role-Playing
309,Lords of the Fallen,Bandai Namco Games,Deck13 Interactive,3000000,10/28/2014,1/11/2021,Role-Playing
310,Jurassic World Evolution,Frontier Developments,Frontier Developments,3000000,6/12/2018,1/19/2021,Simulation
311,Enter the Gungeon,Devolver Digital,Dodge Roll,3000000,4/5/2016,1/21/2021,Shooter
312,Little Nightmares,Bandai Namco Entertainment,Tarsier Studios,3000000,4/28/2017,1/22/2021,Platform
313,Remnant: From the Ashes,Perfect World Entertainment,Gunfire Games,3000000,8/20/2019,2/12/2021,Shooter
314,Octopath Traveler,Square Enix,Square Enix,3000000,7/13/2018,2/13/2021,Role-Playing
315,Life is Strange,Square Enix,DONTNOD Entertainment,3000000,1/30/2015,2/14/2021,Adventure
316,Disney Infinity,Disney Interactive Studios,Heavy Iron Studios / Avalanche Software,3000000,8/18/2013,2/17/2021,Action-Adventure
317,The Simpsons: Hit & Run,Vivendi Games,Radical Entertainment,3000000,9/16/2003,4/11/2021,Action-Adventure
318,Ghostbusters: The Video Game,Atari,Terminal Reality,3000000,6/16/2009,8/18/2021,Action-Adventure
319,Middle-earth: Shadow of War,Warner Bros. Interactive Entertainment,Monolith Productions,3000000,10/10/2017,8/30/2021,Role-Playing
320,Farming Simulator 22,Giants Software,Giants Software,3000000,11/22/2021,12/1/2021,Simulation
321,Demon Slayer: Kimetsu no Yaiba ‚Äì The Hinokami Chronicles,Sega,CyberConnect2,3000000,10/15/2021,1/4/2022,Fighting
322,Driver 3,Atari,Reflections Interactive,3000000,6/21/2004,9/27/2022,Action-Adventure
323,Battlefield 1942,Electronic Arts,Digital Illusions CE,3000000,9/10/2002,9/29/2022,Shooter
324,Naruto Shippuden: Ultimate Ninja Storm Trilogy,Bandai Namco Entertainment,CyberConnect2,2940000,4/26/2018,8/31/2022,Fighting
325,WWE SmackDown! vs. Raw 2006,THQ,THQ,2900000,11/14/2005,10/24/2020,Sports
326,Far Cry 2,Ubisoft,Ubisoft Montreal,2900000,10/21/2008,10/28/2020,Shooter
327,Miitopia,Nintendo,Nintendo,2900000,7/28/2017,8/5/2021,Role-Playing
328,Final Fantasy V,Square,Square,2880000,12/6/1992,10/19/2020,Role-Playing
329,Tales of Vesperia,Namco Bandai Games,Namco Tales Studio,2880000,8/26/2008,11/11/2020,Role-Playing
330,Tomb Raider: Legend,Eidos Interactive,Crystal Dynamics,2820000,4/11/2006,10/26/2020,Action-Adventure
331,Persona 4,Atlus,Atlus,2810000,12/9/2008,12/6/2020,Role-Playing
332,Ultimate Marvel vs. Capcom 3,Capcom,Capcom,2800000,11/15/2011,10/10/2020,Fighting
333,Street Fighter 30th Anniversary Collection,Capcom,Capcom,2800000,5/29/2018,10/12/2020,Fighting
334,Tom Clancy's Splinter Cell: Pandora Tomorrow,Ubisoft,Ubisoft,2800000,3/23/2004,11/7/2020,Action-Adventure
335,Hollow Knight,Team Cherry,Team Cherry,2800000,2/24/2017,1/21/2021,Action-Adventure
336,Beyond: Two Souls,Sony Computer Entertainment,Quantic Dream,2800000,10/8/2013,3/8/2021,Action-Adventure
337,2006 FIFA World Cup,EA Sports,EA Canada,2800000,4/24/2006,10/1/2022,Sports
338,Devil May Cry HD Collection,Capcom,Capcom,2700000,3/22/2012,10/11/2020,Action
339,Lego Harry Potter: Years 1-4,Warner Bros. Interactive Entertainment,Warner Bros. Interactive Entertainment,2700000,6/29/2010,11/1/2020,Action-Adventure
340,James Cameron's Avatar: The Game,Ubisoft,Ubisoft Montreal,2700000,12/1/2009,8/18/2021,Action-Adventure
341,Sonic the Hedgehog (2006),Sega,Sonic Team,2690000,11/14/2006,11/14/2020,Platform
342,Iron Man,Sega,Artificial Mind & Movement,2680000,5/2/2008,11/13/2020,Action-Adventure
343,Yoshi's Cookie,Nintendo,TOSE,2650000,11/21/1992,11/9/2020,Puzzle
344,Chrono Trigger,Square,Square,2650000,3/11/1995,1/8/2021,Role-Playing
345,Shovel Knight,Yacht Club Games,Yacht Club Games,2650000,6/26/2014,1/22/2021,Platform
346,Tomb Raider: Underworld,Eidos Interactive,Crystal Dynamics,2620000,11/18/2008,10/26/2020,Action-Adventure
347,Resident Evil: Operation Raccoon City,Capcom,Slant Six Games,2600000,3/20/2012,10/11/2020,Shooter
348,Homefront,THQ,Kaos Studios,2600000,3/15/2011,2/14/2021,Shooter
349,Army of Two,Electronic Arts,EA Montreal,2600000,3/6/2008,8/15/2021,Shooter
350,Resident Evil Code: Veronica,Capcom,Capcom,2540000,2/29/2000,10/11/2020,Action-Adventure
351,Tomb Raider: The Angel of Darkness,Eidos Interactive,Core Design,2510000,6/20/2003,10/26/2020,Action-Adventure
352,Mortal Kombat II,Midway,Midway,2500000,6/25/1993,10/28/2020,Fighting
353,Tom Clancy's Splinter Cell: Chaos Theory,Ubisoft,Ubisoft Montreal,2500000,3/21/2005,11/7/2020,Action-Adventure
354,Sonic Adventure,Sega,Sonic Team,2500000,9/9/1999,11/14/2020,Platform
355,Ben 10: Protector of Earth,D3 Publisher,High Voltage Software,2500000,10/30/2007,11/18/2020,Action-Adventure
356,Prince of Persia (2008),Ubisoft,Ubisoft Montreal,2500000,12/2/2008,11/26/2020,Action-Adventure
357,Mirror's Edge,Electronic Arts,EA DICE,2500000,11/11/2008,1/26/2021,Platform
358,Dishonored 2,Bethesda Softworks,Arkane Studios,2500000,11/11/2016,1/27/2021,Action-Adventure
359,Firewatch,Panic,Campo Santo,2500000,2/9/2016,1/30/2021,Adventure
360,Goat Simulator,Coffee Stain Studios,Coffee Stain Studios,2500000,4/1/2014,2/21/2021,Simulation
361,Streets of Rage 4,DotEmu,DotEmu,2500000,4/30/2020,2/22/2021,Action
362,Brink,Bethesda Softworks,Splash Damage,2500000,5/10/2011,3/16/2021,Shooter
363,Lords of the Realm II,Sierra Online,Impressions Games,2500000,11/1/1996,3/18/2021,Strategy
364,Alone in the Dark,Infogrames,Infogrames,2500000,1/1/1992,3/21/2021,Action-Adventure
365,Nioh 2,Sony Interactive Entertainment,Koei Tecmo Games,2500000,3/13/2020,4/28/2021,Role-Playing
366,Evolve,2K Games,Turtle Rock Studios,2500000,2/10/2015,7/22/2021,Shooter
367,NCAA Football 07,EA Sports,EA Tiburon,2500000,7/18/2006,10/18/2022,Sports
368,Sonic Unleashed,Sega,Sonic Team,2450000,11/18/2008,11/13/2020,Platform
369,Tom Clancy's Ghost Recon,Ubisoft,Red Storm Entertainment,2430000,11/13/2001,11/2/2020,Shooter
370,Resident Evil: Revelations,Capcom,Capcom,2400000,2/7/2012,10/11/2020,Action-Adventure
371,Tom Clancy's Ghost Recon Advanced Warfighter,Ubisoft,Ubisoft,2400000,3/9/2006,11/2/2020,Shooter
372,Prince of Persia: The Sands of Time,Ubisoft,Ubisoft Montreal,2400000,10/28/2003,11/26/2020,Action-Adventure
373,Devil May Cry 3,Capcom,Capcom,2300000,3/1/2005,10/10/2020,Action
374,Okami HD,Capcom,Clover Studio,2300000,10/30/2012,10/12/2020,Action-Adventure
375,Phoenix Wright: Ace Attorney Trilogy,Capcom,Capcom,2300000,12/9/2014,2/5/2021,Adventure
376,The Golden Compass,Sega,Shiny Entertainment,2280000,12/4/2007,9/3/2021,Action-Adventure
377,Marvel vs. Capcom 3: Fate of Two Worlds,Capcom,Capcom,2200000,2/15/2011,10/10/2020,Fighting
378,WWE '12,THQ,THQ,2200000,11/22/2011,10/24/2020,Sports
379,The Witcher 2: Assassins of Kings,CD Projekt Red Studio,CD Projekt Red Studio,2200000,5/17/2011,10/29/2020,Role-Playing
380,Tom Clancy's Rainbow Six 3,Ubisoft,Ubisoft,2200000,3/18/2003,11/2/2020,Shooter
381,Flashback,U.S. Gold,Delphine Software International,2200000,1/1/1992,3/31/2021,Platform
382,Deus Ex: Human Revolution,Square Enix,Eidos Montreal,2180000,8/23/2011,1/5/2021,Role-Playing
383,Final Fantasy,Square,Square,2130000,7/12/1990,10/18/2020,Role-Playing
384,Alien: Isolation,Sega,Creative Assembly,2110000,10/7/2014,2/21/2021,Action-Adventure
385,Marvel vs. Capcom: Infinite,Capcom,Capcom,2100000,9/19/2017,10/12/2020,Fighting
386,Lost Planet 2,Capcom,Capcom,2100000,5/11/2010,10/13/2020,Shooter
387,Hitman: Blood Money,Eidos Interactive,IO Interactive,2100000,5/30/2006,10/26/2020,Action-Adventure
388,NBA 2K9,2K Sports,Visual Concepts,2000000,10/7/2008,10/22/2020,Sports
389,NBA 2K10,2K Sports,Visual Concepts,2000000,10/6/2009,10/22/2020,Sports
390,WWE '13,THQ,THQ,2000000,10/30/2012,10/24/2020,Sports
391,Red Dead Redemption: Undead Nightmare,Rockstar Games,Rockstar San Diego,2000000,10/26/2010,10/30/2020,Action-Adventure
392,Tom Clancy's Rainbow Six: Vegas 2,Ubisoft,Ubisoft Montreal,2000000,3/18/2008,11/2/2020,Shooter
393,Tom Clancy's Splinter Cell: Blacklist,Ubisoft,Ubisoft Toronto,2000000,8/20/2013,11/7/2020,Action-Adventure
394,Spider-Man 2,Activision,Treyarch,2000000,6/28/2004,11/13/2020,Action-Adventure
395,Naruto: Ultimate Ninja Storm,Namco Bandai Games,CyberConnect2,2000000,11/4/2008,11/16/2020,Fighting
396,Naruto Shippuden: Ultimate Ninja Storm 3,Namco Bandai Games,CyberConnect2,2000000,3/5/2013,11/16/2020,Fighting
397,Prince of Persia,Broderbund,Broderbund,2000000,10/3/1989,11/23/2020,Platform
398,Vampyr,Focus Home Interactive,DONTNOD Entertainment,2000000,6/5/2018,11/27/2020,Role-Playing
399,SpongeBob SquarePants: Battle for Bikini Bottom - Rehydrated,THQ Nordic,THQ Nordic,2000000,6/23/2020,11/27/2020,Action-Adventure
400,One Piece: Pirate Warriors 4,Bandai Namco Entertainment,Omega Force,2000000,3/27/2020,12/10/2020,Action-Adventure
401,Farming Simulator 19,Focus Home Interactive,Giants Software,2000000,11/19/2018,12/18/2020,Simulation
402,Unreal Tournament,GT Interactive,Epic Games,2000000,11/22/1999,12/30/2020,Shooter
403,Dragon Age II,Electronic Arts,BioWare,2000000,3/8/2011,12/31/2020,Role-Playing
404,Dead Space,Electronic Arts,EA Redwood Shores,2000000,10/13/2008,1/4/2021,Action-Adventure
405,Torchlight,Runic Games,Runic Games,2000000,10/27/2009,1/9/2021,Role-Playing
406,Superhot VR,SUPERHOT Team,SUPERHOT Team,2000000,12/5/2016,1/21/2021,Shooter
407,Warhammer: Vermintide 2,Fatshark,Fatshark,2000000,3/8/2018,1/21/2021,Action
408,Project CARS,Bandai Namco Entertainment,Slightly Mad Studios,2000000,5/6/2015,1/22/2021,Racing
409,Carmageddon,Interplay Productions,Stainless Games,2000000,6/30/1997,1/23/2021,Racing
410,Football Manager 2019,Sega,Sports Interactive,2000000,11/2/2018,2/12/2021,Simulation
411,Super Bomberman R,Konami,Konami,2000000,3/3/2017,2/19/2021,Puzzle
412,GreedFall,Focus Home Interactive,Spiders,2000000,9/10/2019,2/22/2021,Role-Playing
413,Doom II,GT Interactive,id Software,2000000,10/10/1994,3/19/2021,Shooter
414,Two Worlds II,TopWare Interactive,Reality Pump,2000000,2/8/2011,3/31/2021,Role-Playing
415,Die Hard Trilogy,Fox Interactive,Probe Entertainment,2000000,8/31/1996,4/11/2021,Shooter
416,Scarface: The World Is Yours,Sierra Entertainment,Radical Entertainment,2000000,10/10/2006,4/14/2021,Action-Adventure
417,Prototype,Activision,Radical Entertainment,2000000,6/9/2009,4/17/2021,Action-Adventure
418,The Crew,Ubisoft,Ivory Tower,2000000,12/2/2014,4/24/2021,Racing
419,SoulCalibur VI,Bandai Namco Entertainment,Bandai Namco Studios,2000000,10/19/2018,7/21/2021,Fighting
420,MLB The Show 21,Sony Interactive Entertainment,SIE San Diego Studio,2000000,4/20/2021,7/28/2021,Sports
421,Icey,X.D. Network Inc.,FantaBlade Network,2000000,11/17/2016,8/18/2021,Action
422,Tales of Berseria,Namco Bandai Games,Namco Bandai Games,2000000,1/24/2017,9/16/2021,Role-Playing
423,Tales of Arise,Bandai Namco Entertainment,Bandai Namco Games,2000000,9/10/2021,9/16/2021,Role-Playing
424,Hot Wheels Unleashed,Milestone,Milestone,2000000,9/30/2021,12/22/2021,Racing
425,Sifu,Sloclap,Sloclap,2000000,2/8/2022,3/2/2022,Action
426,Street Fighter 6,Capcom,Capcom,2000000,6/2/2023,6/2/2022,Fighting
427,Cuphead - The Delicious Last Course,Studio MDHR,Studio MDHR,2000000,6/30/2022,6/10/2022,Platform
428,Hulk,Universal Interactive,Radical Entertainment,2000000,5/28/2003,9/26/2022,Action
429,Return to Castle Wolfenstein,Activision,Gray Matter Studios,2000000,11/19/2001,9/29/2022,Shooter
430,"The Chronicles of Narnia: The Lion, the Witch and the Wardrobe",Buena Vista,Traveller's Tales,2000000,11/14/2005,10/1/2022,Action-Adventure
431,Dead Island 2,Deep Silver,Dambuster Studios,2000000,4/21/2023,4/24/2023,Action
432,The SpongeBob SquarePants Movie,THQ,Heavy Iron Studios,2000000,10/27/2004,5/24/2023,Platform
433,WWE SmackDown! vs. Raw,THQ,Yuke's,2000000,11/2/2004,5/24/2023,Fighting
434,Conflict: Desert Storm,Gotham Games,Pivotal Games,2000000,9/30/2002,6/5/2023,Shooter
435,Street Fighter X Tekken,Capcom,Capcom,1900000,3/6/2012,10/12/2020,Fighting
436,Hitman: Contracts,Eidos Interactive,IO Interactive,1900000,4/20/2004,10/26/2020,Action-Adventure
437,Mortal Kombat: Deception,Midway Games,Midway Games,1900000,10/4/2004,10/28/2020,Fighting
438,Mortal Kombat vs. DC Universe,Midway Games,Midway Games,1900000,11/16/2008,10/28/2020,Fighting
439,Tom Clancy's Splinter Cell: Conviction,Ubisoft,Ubisoft Montreal,1900000,4/13/2010,11/7/2020,Action-Adventure
440,Prince of Persia: Warrior Within,Ubisoft,Ubisoft Montreal,1900000,12/2/2004,11/26/2020,Action-Adventure
441,Sonic Generations,Sega,Sonic Team/Dimps Corporation,1850000,11/1/2011,11/14/2020,Platform
442,Mega Man 11,Capcom,Capcom,1800000,10/2/2018,10/12/2020,Platform
443,The Escapists,Team17,Mouldy Toof Studios,1800000,2/13/2015,2/18/2021,Strategy
444,Friday the 13th: The Game,Gun Media,IllFonic,1800000,5/26/2017,2/22/2021,Action
445,Test Drive Unlimited 2,Atari,Eden Games,1800000,2/8/2011,4/23/2021,Racing
446,Monster Hunter Stories 2: Wings of Ruin,Capcom,Capcom,1800000,7/9/2021,7/20/2021,Role-Playing
447,Bayonetta,Sega,PlatinumGames,1770000,1/5/2010,11/24/2020,Action
448,Valkyria Chronicles,Sega,Sega,1770000,11/4/2008,1/20/2021,Role-Playing
449,Barbie Fashion Designer,Mattel Media,Digital Domain,1750000,11/1/1996,12/4/2020,Simulation
450,Kane & Lynch: Dead Men,Eidos Interactive,IO Interactive,1700000,11/13/2007,10/18/2020,Shooter
451,Tom Clancy's Rainbow Six: Vegas,Ubisoft,Ubisoft Montreal,1700000,11/22/2006,11/2/2020,Shooter
452,Trials Fusion,Ubisoft,RedLynx,1700000,4/15/2014,1/7/2021,Platform
453,Brothers in Arms: Road to Hill 30,Ubisoft,Gearbox Software,1700000,3/1/2005,3/22/2021,Shooter
454,Psychonauts,Majesco,Double Fine Productions,1700000,4/19/2004,7/9/2021,Platform
455,Formula 1 (1996),Psygnosis,Bizarre Creations,1700000,9/30/1996,7/17/2021,Racing
456,Aliens vs. Predator,Sega,Rebellion Developments,1690000,2/16/2010,11/14/2020,Shooter
457,Tales of Destiny,Namco,Wolf Team,1680000,9/30/1998,11/11/2020,Role-Playing
458,Madden NFL 13,EA Sports,EA Tiburon,1650000,8/28/2012,10/22/2020,Sports
459,Battlefield 2: Modern Combat,Electronic Arts,Digital Illusions CE,1640000,10/24/2005,10/23/2020,Shooter
460,DuckTales: Remastered,Capcom,WayForward Technologies,1600000,8/13/2013,10/12/2020,Platform
461,Battlefield: Bad Company,Electronic Arts,EA DICE,1600000,6/23/2008,10/23/2020,Shooter
462,Tales of Symphonia,Namco,Namco Tales Studio,1600000,7/13/2004,11/11/2020,Role-Playing
463,Iron Man 2,Sega,"Sega Studios, San Francisco",1540000,5/4/2010,11/13/2020,Action-Adventure
464,Dead or Alive 5,Tecmo Koei,Team Ninja,1500000,9/25/2012,10/16/2020,Fighting
465,Warriors Orochi,KOEI,Omega Force,1500000,9/18/2007,10/17/2020,Action
466,Battlefield 1943,Electronic Arts,EA DICE,1500000,7/8/2009,10/23/2020,Shooter
467,WWE All Stars,THQ,THQ,1500000,3/29/2011,10/24/2020,Sports
468,Tekken Tag Tournament 2,Bandai Namco Games,Bandai Namco Games,1500000,9/14/2011,10/29/2020,Fighting
469,Civilization,Microprose,MicroProse,1500000,9/1/1991,10/31/2020,Strategy
470,Prince of Persia: The Two Thrones,Ubisoft,Ubisoft Montreal,1500000,12/1/2005,11/26/2020,Action-Adventure
471,Persona 5 Strikers,Sega,Omega Force,1500000,2/23/2021,12/7/2020,Action
472,Myst III: Exile,Ubisoft,Presto Studios,1500000,5/7/2001,12/15/2020,Adventure
473,NieR Replicant ver.1.22474487139...,Unknown,Toylogic,1500000,,12/24/2020,Role-Playing
474,Legacy of Kain: Soul Reaver,Eidos Interactive,Crystal Dynamics,1500000,8/16/1999,1/11/2021,Action-Adventure
475,Prey (2017),Bethesda Softworks,Arkane Studios,1500000,5/5/2017,1/27/2021,Shooter
476,Metro Redux,Deep Silver,4a-games,1500000,8/26/2014,2/14/2021,Shooter
477,Amerzone,Ubisoft,Microids,1500000,10/18/1999,3/4/2021,Adventure
478,Stronghold,Take-Two Interactive,FireFly Studios,1500000,10/19/2001,3/12/2021,Strategy
479,Bulletstorm,Electronic Arts,People Can Fly / Epic Games,1500000,2/22/2011,3/14/2021,Shooter
480,Manhunt,Rockstar Games,Rockstar North,1500000,11/19/2003,4/2/2021,Action-Adventure
481,Supreme Snowboarding,Infogrames,Housemarque,1500000,3/7/2000,4/17/2021,Sports
482,Black,Electronic Arts,Criterion Games,1500000,2/28/2006,4/20/2021,Shooter
483,F-15 Strike Eagle,Microprose,MicroProse,1500000,1/1/1984,4/22/2021,Simulation
484,Ancestors: The Humankind Odyssey,Private Division,Panache Digital Games,1500000,8/27/2019,5/18/2021,Adventure
485,Nightmare Creatures,Activision,Kalisto Entertainment,1500000,9/30/1997,5/22/2021,Action
486,Tales of Vesperia: Definitive Edition,Namco Bandai Games,Bandai Namco Games,1500000,1/11/2019,9/16/2021,Role-Playing
487,Metro 2033,THQ,4a-games,1500000,3/16/2010,2/17/2022,Shooter
488,Deer Hunter: Interactive Hunting Experience,WizardWorks,Sunstorm Interactive,1500000,11/13/1997,9/28/2022,Shooter
489,Teenage Mutant Ninja Turtles 3: Mutant Nightmare,Konami,Konami,1500000,11/1/2005,9/29/2022,Action
490,NCAA Football 14,EA Sports,EA Tiburon,1500000,7/9/2013,10/18/2022,Sports
491,The Incredible Hulk,Sega,Edge of Reality,1480000,6/5/2008,11/13/2020,Action
492,Tales of Phantasia,Namco,Wolf Team,1430000,12/15/1995,11/11/2020,Role-Playing
493,Tomb Raider Chronicles,Eidos Interactive,Core Design,1410000,11/21/2000,10/26/2020,Action-Adventure
494,Strider,Capcom,Double Helix Games,1400000,2/18/2014,10/10/2020,Platform
495,Mega Man Legacy Collection,Capcom,Capcom,1400000,8/25/2015,10/10/2020,Platform
496,Dead Rising 4,Microsoft Studios,Capcom,1400000,12/6/2016,10/10/2020,Action
497,Marvel vs. Capcom 2: New Age Of Heroes,Capcom,Capcom,1400000,6/29/2000,10/12/2020,Fighting
498,Dead Rising 2: Off the Record,Capcom,Capcom,1400000,10/11/2011,10/12/2020,Action-Adventure
499,Remember Me,Capcom,DONTNOD Entertainment,1400000,6/3/2013,10/12/2020,Action-Adventure
500,Tom Clancy's Ghost Recon 2,Ubisoft,Red Storm Entertainment,1400000,11/16/2004,11/2/2020,Shooter
501,Darksiders II,THQ,Vigil Games,1400000,8/14/2012,1/9/2021,Action-Adventure
502,Quake,GT Interactive,id Software,1400000,7/22/1996,2/25/2021,Shooter
503,Alone in the Dark: The New Nightmare,Infogrames,Darkworks,1400000,5/18/2001,3/21/2021,Action-Adventure
504,Puyo Puyo Tetris,Sega,Sonic Team,1400000,4/25/2017,5/12/2021,Puzzle
505,Brutal Legend,Electronic Arts,Double Fine Productions,1400000,10/13/2009,7/9/2021,Action-Adventure
506,Castlevania: Lords of Shadow,Konami,Mercury Steam,1380000,10/5/2010,11/13/2020,Action-Adventure
507,SoulCalibur V,Namco Bandai Games,Project Soul,1380000,1/31/2012,11/20/2020,Fighting
508,The Room Three,Fireproof Games,Fireproof Games,1380000,11/4/2015,12/18/2020,Puzzle
509,Final Fantasy II,Square,Square,1370000,12/17/1988,10/19/2020,Role-Playing
510,Sonic & All-Stars Racing Transformed,Sega,Sumo Digital,1360000,11/18/2012,11/13/2020,Racing
511,Amnesia: The Dark Descent,Frictional Games,Frictional Games,1360000,9/8/2010,3/18/2021,Adventure
512,Bayonetta 2,Nintendo,PlatinumGames,1320000,10/24/2014,11/24/2020,Action
513,Tomb Raider: Anniversary,Eidos Interactive,Crystal Dynamics,1310000,6/5/2007,10/26/2020,Action-Adventure
514,Aliens: Colonial Marines,Sega,Gearbox Software,1310000,2/12/2013,11/13/2020,Shooter
515,Bionic Commando,Capcom,GRIN,1300000,5/19/2009,10/10/2020,Action-Adventure
516,Dragon's Dogma,Capcom,Capcom,1300000,5/22/2012,10/11/2020,Role-Playing
517,Deus Ex: Invisible War,Eidos Interactive,Ion Storm,1300000,12/2/2003,10/26/2020,Role-Playing
518,Elite Dangerous: Horizons,Frontier Developments,Frontier Developments,1300000,12/15/2015,1/19/2021,Simulation
519,NCAA Football 2003,EA Sports,EA Tiburon,1300000,7/20/2002,10/18/2022,Sports
520,Capcom Arcade Stadium,Capcom,Capcom,1300000,2/17/2021,6/6/2023,Misc
521,Tales of Eternia,Namco,Wolf Team,1270000,9/10/2001,11/11/2020,Role-Playing
522,Naruto Shippuden: Ultimate Ninja Storm Generations,Namco Bandai Games,CyberConnect2,1220000,3/13/2012,11/16/2020,Fighting
523,Kingdoms of Amalur: Reckoning,Electronic Arts,38 Studios,1220000,2/7/2012,8/25/2021,Role-Playing
524,Unreal Tournament 3,Midway Games,Epic Games,1200000,11/19/2007,12/30/2020,Shooter
525,Homefront: The Revolution,Deep Silver,Dambuster Studios,1200000,5/17/2016,2/14/2021,Shooter
526,Super Street Fighter IV: Arcade Edition,Capcom,Dimps Corporation,1200000,12/16/2010,5/18/2022,Fighting
527,Fahrenheit,Atari,Quantic Dream,1140000,9/20/2005,3/8/2021,Action-Adventure
528,Kane & Lynch 2: Dog Days,Square Enix,IO Interactive,1120000,8/17/2010,10/18/2020,Shooter
529,Tales of Destiny 2,Sony Computer Entertainment,Telenet Japan / Wolfteam,1110000,11/28/2002,11/11/2020,Role-Playing
530,Deus Ex,Eidos Interactive,Ion Storm,1100000,6/23/2000,10/26/2020,Role-Playing
531,Just Cause,Eidos Interactive,Avalanche Studios,1100000,9/27/2006,10/26/2020,Action-Adventure
532,Naruto Shippuden: Ultimate Ninja Storm 2,Namco Bandai Games,CyberConnect2,1100000,10/19/2010,11/16/2020,Fighting
533,TMNT,Ubisoft,Ubisoft Montreal,1100000,3/20/2007,11/29/2020,Action
534,Trine,Nobilis,Frozenbyte,1100000,7/3/2009,1/28/2021,Platform
535,Ben 10: Alien Force,D3 Publisher,Monkey Bar Games,1080000,10/28/2008,11/18/2020,Action-Adventure
536,Sonic & Sega All-Stars Racing,Sega,Sumo Digital,1070000,2/23/2010,11/13/2020,Racing
537,Ace Combat: Assault Horizon,Bandai Namco Games,Project ACES,1070000,10/11/2011,11/20/2020,Simulation
538,Virtua Tennis 4,Sega,Sega,1040000,5/10/2011,11/16/2020,Sports
539,Moonlighter,11 bit studios,Digital Sun,1000000,5/29/2018,10/9/2020,Role-Playing
540,Army of Two: The 40th Day,Electronic Arts,EA Montreal,1000000,1/12/2010,10/15/2020,Shooter
541,Fire Emblem Warriors,Nintendo,Omega Force,1000000,10/20/2017,10/16/2020,Action
542,Madden NFL 25,EA Sports,EA Tiburon,1000000,8/27/2013,10/22/2020,Sports
543,Sonic Mania,Sega,PagodaWest Games,1000000,8/15/2017,10/23/2020,Platform
544,Lara Croft and the Guardian of Light,Square Enix,Crystal Dynamics,1000000,8/18/2010,10/26/2020,Action-Adventure
545,Mortal Kombat: Shaolin Monks,Midway Games,Midway,1000000,9/16/2005,10/28/2020,Fighting
546,Mortal Kombat: Armageddon,Midway Games,Midway Games,1000000,10/11/2006,10/28/2020,Fighting
547,Far Cry 3: Blood Dragon,Ubisoft,Ubisoft Montreal,1000000,4/30/2013,10/28/2020,Shooter
548,Metal Gear Solid V: Ground Zeroes,Konami,Kojima Productions,1000000,3/18/2014,10/28/2020,Action-Adventure
549,Tony Hawk's Pro Skater 1 + 2,Activision,Vicarious Visions,1000000,9/4/2020,11/3/2020,Sports
550,Command & Conquer 3: Tiberium Wars,Electronic Arts,EA Los Angeles,1000000,3/26/2007,11/8/2020,Strategy
551,Rayman 3: Hoodlum Havoc,Ubisoft,Ubisoft,1000000,3/4/2003,11/9/2020,Platform
552,Rayman Legends,Ubisoft,Ubisoft Montpellier,1000000,9/3/2013,11/9/2020,Platform
553,Football Manager 2013,Sega,Sports Interactive,1000000,11/2/2012,11/13/2020,Simulation
554,Football Manager 2014,Sega,Sports Interactive,1000000,10/30/2013,11/13/2020,Simulation
555,Football Manager 2015,Sega,Sports Interactive,1000000,11/7/2014,11/13/2020,Simulation
556,One Piece: Pirate Warriors 3,Bandai Namco Entertainment,Omega Force,1000000,8/25/2015,11/13/2020,Action-Adventure
557,Sonic the Hedgehog 4: Episode I,Sega,Dimps Corporation,1000000,10/7/2010,11/14/2020,Platform
558,Naruto Shippuden: Ultimate Ninja Storm Revolution,Bandai Namco Games,CyberConnect2,1000000,9/16/2014,11/23/2020,Fighting
559,Sakuna: Of Rice and Ruin,Xseed Games,Edelweiss,1000000,11/10/2020,11/25/2020,Action-Adventure
560,Tom Clancy's HAWX,Ubisoft,Ubisoft Bucharest,1000000,3/3/2009,11/26/2020,Simulation
561,Spintires: MudRunner,Focus Home Interactive,Saber Interactive,1000000,10/31/2017,11/27/2020,Simulation
562,SnowRunner,Focus Home Interactive,Saber Interactive,1000000,4/28/2020,11/27/2020,Simulation
563,The Lord of the Rings: The Fellowship of the Ring,Black Label Games,WXP,1000000,9/24/2002,11/30/2020,Action-Adventure
564,Outward,Deep Silver,Nine Dots Studio,1000000,3/26/2019,12/1/2020,Role-Playing
565,The Lord of the Rings: The Third Age,Electronic Arts,EA Redwood Shores,1000000,11/2/2004,12/3/2020,Role-Playing
566,The Urbz: Sims in the City,Electronic Arts,Maxis,1000000,11/9/2004,12/3/2020,Simulation
567,GoldenEye: Rogue Agent,Electronic Arts,EA Los Angeles,1000000,11/22/2004,12/3/2020,Shooter
568,Burnout Paradise,Electronic Arts,Criterion Games,1000000,1/22/2008,12/5/2020,Racing
569,Saints Row IV,Deep Silver,Volition,1000000,8/20/2013,12/6/2020,Action-Adventure
570,Farming Simulator 17,Giants Software,Giants Software,1000000,10/24/2016,12/18/2020,Simulation
571,Pitfall: The Mayan Adventure,Activision,Activision,1000000,1/1/1994,12/19/2020,Platform
572,Transistor,Supergiant Games,Supergiant Games,1000000,5/20/2014,12/27/2020,Role-Playing
573,Inside,Playdead,Playdead,1000000,6/29/2016,12/27/2020,Platform
574,Hades,Supergiant Games,Supergiant Games,1000000,9/17/2020,12/27/2020,Role-Playing
575,Return to Zork,Infocom,Activision,1000000,9/15/1993,12/28/2020,Adventure
576,Sniper Elite V2,Rebellion Developments,Rebellion Developments,1000000,5/2/2012,12/28/2020,Shooter
577,Baldur's Gate: Dark Alliance,Black Isle Studios,Snowblind Studios,1000000,12/4/2001,12/31/2020,Role-Playing
578,Football Manager 2021,Sega,Sports Interactive,1000000,11/24/2020,1/5/2021,Simulation
579,Sniper: Ghost Warrior 3,CI Games,CI Games,1000000,4/25/2017,1/11/2021,Shooter
580,Sniper: Ghost Warrior Contracts,CI Games,CI Games,1000000,11/22/2019,1/11/2021,Shooter
581,Elite,Acornsoft,David Braben,1000000,9/20/1984,1/19/2021,Simulation
582,Valkyria Chronicles 4,Sega,Sega,1000000,9/25/2018,1/20/2021,Role-Playing
583,Warhammer: End Times ‚Äì Vermintide,Fatshark,Fatshark,1000000,10/23/2015,1/21/2021,Action
584,Catherine,Atlus,Atlus,1000000,7/26/2011,1/24/2021,Puzzle
585,Yooka-Laylee,Team17,Playtonic Games,1000000,4/11/2017,1/24/2021,Platform
586,Hellblade: Senua's Sacrifice,Ninja Theory,Ninja Theory,1000000,8/8/2017,1/24/2021,Action-Adventure
587,Untitled Goose Game,Panic,House House,1000000,9/20/2019,1/24/2021,Simulation
588,Prey,2K Games,Human Head Studios,1000000,7/11/2006,1/27/2021,Shooter
589,Salt and Sanctuary,Ska Studios,Ska Studios,1000000,3/15/2016,1/27/2021,Role-Playing
590,FlatOut,Vivendi Games,Bugbear Entertainment,1000000,7/12/2005,1/28/2021,Racing
591,FlatOut 2,Empire Interactive,Bugbear Entertainment,1000000,6/30/2006,1/28/2021,Racing
592,Bloodstained: Ritual of the Night,505 Games,ArtPlay,1000000,6/18/2019,2/8/2021,Platform
593,60 Seconds!,Robot Gentleman Studios,Robot Gentleman Studios,1000000,5/25/2015,2/9/2021,Action-Adventure
594,Celeste,Matt Makes Games Inc.,Matt Makes Games Inc.,1000000,1/25/2018,2/9/2021,Platform
595,Oxenfree,Night School Studio,Night School Studio,1000000,1/15/2016,2/12/2021,Adventure
596,A Hat in Time,Gears for Breakfast,Gears for Breakfast,1000000,10/5/2017,2/12/2021,Platform
597,GRIS,Devolver Digital,Nomada Studio,1000000,12/13/2018,2/12/2021,Adventure
598,Trials of Mana,Square Enix,Square Enix,1000000,4/24/2020,2/12/2021,Role-Playing
599,Lollipop Chainsaw,Warner Bros. Interactive Entertainment,Grasshopper Manufacture,1000000,6/12/2012,2/16/2021,Action
600,Fez,Trapdoor,Polytron Corporation,1000000,4/13/2012,2/17/2021,Platform
601,Dragon's Crown,Atlus,Vanillaware,1000000,8/6/2013,2/18/2021,Role-Playing
602,Thomas Was Alone,Mike Bithell Games,Mike Bithell Games,1000000,6/30/2012,2/20/2021,Platform
603,Angry Birds Trilogy,Rovio Mobile,Rovio Mobile,1000000,9/25/2012,2/20/2021,Puzzle
604,A Plague Tale: Innocence,Focus Home Interactive,Asobo Studio,1000000,5/14/2019,2/22/2021,Action-Adventure
605,Star Wars: Episode III ‚Äì Revenge of the Sith,LucasArts,The Collective,1000000,5/4/2005,2/23/2021,Action
606,Quake II,Activision,id Software,1000000,12/9/1997,2/25/2021,Shooter
607,Fight Night 2004,EA Sports,EA Canada,1000000,4/5/2004,3/1/2021,Sports
608,UEFA Euro 2004,EA Sports,EA Canada,1000000,5/4/2004,3/1/2021,Sports
609,Harry Potter and the Prisoner of Azkaban,Electronic Arts,Electronic Arts,1000000,5/25/2004,3/1/2021,Action-Adventure
610,Broken Sword: The Shadow of the Templars,Virgin Interactive,Revolution Software,1000000,9/30/1996,3/3/2021,Adventure
611,The Vanishing of Ethan Carter,The Astronauts,The Astronauts,1000000,9/26/2014,3/6/2021,Adventure
612,Little Nightmares 2,Bandai Namco Entertainment,Tarsier Studios,1000000,2/11/2021,3/12/2021,Platform
613,Tropico,Gathering of Developers,PopTop Software,1000000,4/24/2001,3/13/2021,Simulation
614,The Darkness,2K Games,Starbreeze Studios,1000000,6/25/2007,3/16/2021,Shooter
615,Another World,U.S. Gold,Delphine Software International,1000000,1/1/1991,3/28/2021,Action-Adventure
616,The Bard's Tale,inXile Entertainment,Interplay Productions,1000000,10/26/2004,3/28/2021,Role-Playing
617,The Punisher,THQ,Volition,1000000,1/16/2005,3/31/2021,Shooter
618,Red Faction: Guerrilla,THQ,Volition,1000000,6/2/2009,3/31/2021,Shooter
619,Phantasmagoria,Sierra Online,Sierra On-Line,1000000,8/24/1995,4/2/2021,Adventure
620,Police Quest: SWAT,Sierra Online,Sierra On-Line,1000000,9/30/1995,4/3/2021,Strategy
621,NASCAR Racing,Papyrus,Papyrus Design Group,1000000,1/1/1994,4/10/2021,Racing
622,Rampage: Total Destruction,Midway Games,Pipeworks Software,1000000,4/24/2006,4/14/2021,Action
623,Stranglehold,Midway Games,Midway,1000000,9/7/2007,4/14/2021,Shooter
624,Turok,Disney Interactive Studios,Propaganda Games,1000000,2/5/2008,4/15/2021,Shooter
625,Fight Night Round 3,EA Sports,EA Chicago,1000000,2/20/2006,4/20/2021,Fighting
626,FIFA Street 2,EA Sports BIG,EA Canada,1000000,2/28/2006,4/20/2021,Sports
627,The Godfather,Electronic Arts,EA Redwood Shores,1000000,3/21/2006,4/20/2021,Action-Adventure
628,Spiritfarer,Thunder Lotus Games,Thunder Lotus Games,1000000,8/18/2020,4/20/2021,Simulation
629,Cool Spot,Virgin Games,Virgin Games,1000000,4/1/1993,5/25/2021,Platform
630,WALL-E,Unknown,Heavy Iron Studios,1000000,,5/25/2021,Platform
631,Ghostrunner,505 Games,One More Level,1000000,10/27/2020,5/31/2021,Action
632,Guilty Gear -Strive-,Arc System Works,Arc System Works,1000000,6/11/2021,6/15/2021,Fighting
633,Judgment,Sega,Sega,1000000,6/25/2019,6/16/2021,Action-Adventure
634,Destroy All Humans!,THQ,Pandemic Studios,1000000,6/21/2005,7/8/2021,Action-Adventure
635,Destroy All Humans! (2020),THQ Nordic,Black Forest Games,1000000,7/28/2020,7/8/2021,Action-Adventure
636,PlayStation All-Stars Battle Royale,Sony Computer Entertainment,SuperBot Entertainment,1000000,11/20/2012,7/10/2021,Fighting
637,TNA iMPACT!,Midway Games,Midway Studios Los Angeles,1000000,9/9/2008,8/17/2021,Fighting
638,Dust: An Elysian Tail,Microsoft Studios,Humble Hearts,1000000,8/15/2012,8/17/2021,Action-Adventure
639,Chivalry 2,Tripwire Interactive,Torn Banner Studios,1000000,6/8/2021,8/17/2021,Action
640,Biomutant,THQ Nordic,Experiment 101,1000000,5/25/2021,8/18/2021,Role-Playing
641,Rayman 2: The Great Escape,Ubisoft,Ubisoft Montpellier,1000000,11/6/1999,8/31/2021,Platform
642,The Thing,Black Label Games,Computer Artworks,1000000,8/20/2002,9/3/2021,Shooter
643,Story of Seasons: Pioneers of Olive Town,Xseed Games,Marvelous,1000000,9/15/2021,10/5/2021,Simulation
644,Creed: Rise to Glory,Unknown,Survios,1000000,,10/14/2021,Fighting
645,Unpacking,Humble Bundle,Witch Beam,1000000,11/2/2021,12/14/2021,Puzzle
646,Bravely Default II,Square Enix,Silicon Studio,1000000,2/26/2021,12/22/2021,Role-Playing
647,Ender Lilies: Quietus of the Knights,Binary Haze Interactive,Live Wire,1000000,6/22/2021,3/7/2022,Action-Adventure
648,Scarlet Nexus,Bandai Namco Entertainment,Bandai Namco Games,1000000,6/25/2021,4/14/2022,Action
649,Earthworm Jim,Playmates,Shiny Entertainment,1000000,10/1/1994,4/26/2022,Platform
650,Wet,Bethesda Softworks,Artificial Mind & Movement,1000000,9/15/2009,4/26/2022,Shooter
651,Teenage Mutant Ninja Turtles: Shredder's Revenge,DotEmu,Tribute Games,1000000,6/16/2022,7/13/2022,Action
652,Earth Defense Force 5,D3 Publisher,Sandlot,1000000,12/11/2018,8/17/2022,Shooter
653,Cult of the Lamb,Devolver Digital,Massive Monster,1000000,8/11/2022,8/18/2022,Action-Adventure
654,Actua Soccer,Interplay Productions,Gremlin Interactive,1000000,3/31/1996,9/30/2022,Sports
655,Midway Arcade Treasures,Midway Games,Digital Eclipse,1000000,11/17/2003,9/30/2022,Misc
656,Full Spectrum Warrior,THQ,Pandemic Studios,1000000,6/1/2004,10/6/2022,Strategy
657,Madagascar,Activision,Toys for Bob,1000000,5/24/2005,10/6/2022,Platform
658,Triangle Strategy,Square Enix,Square Enix,1000000,3/4/2022,12/21/2022,Role-Playing
659,Teenage Mutant Ninja Turtles: The Cowabunga Collection,Konami,Digital Eclipse,1000000,8/30/2022,4/7/2023,Misc
660,Tak and the Power of Juju,THQ,Avalanche Software,1000000,10/15/2003,5/21/2023,Platform
661,Tak 2: The Staff of Dreams,THQ,Avalanche Software,1000000,10/11/2004,5/21/2023,Action-Adventure
662,MX Unleashed,THQ,Rainbow Studios,1000000,2/17/2004,5/24/2023,Racing
663,Mega Man X Legacy Collection,Capcom,Capcom,1000000,7/24/2018,6/6/2023,Platform
664,Octopath Traveler II,Square Enix,Square Enix,1000000,2/24/2023,6/7/2023,Role-Playing
665,Needy Streamer Overload,WSS playground,WSS playground,1000000,1/21/2022,6/30/2023,Adventure
666,Remnant 2,Gearbox Publishing,Gunfire Games,1000000,7/25/2023,8/2/2023,Shooter
667,Vanquish,Sega,PlatinumGames,970000,10/19/2010,11/13/2020,Shooter
668,Enslaved: Odyssey to the West,Namco Bandai Games,Ninja Theory,970000,10/5/2010,11/19/2020,Action-Adventure
669,Warriors Orochi 4,Koei Tecmo,Omega Force,950000,10/16/2018,10/17/2020,Action
670,Ni no Kuni II: Revenant Kingdom,Bandai Namco Entertainment,Level 5,900000,3/23/2018,1/22/2021,Role-Playing
671,Call of Juarez: Bound in Blood,Ubisoft,Techland,900000,6/30/2009,1/27/2021,Shooter
672,Tales of the Abyss,Namco Bandai Games,Namco Tales Studio,880000,10/10/2006,11/11/2020,Role-Playing
673,Test Drive 4,Accolade,Pitbull Syndicate,850000,11/3/1997,3/19/2021,Racing
674,Ben 10 Ultimate Alien: Cosmic Destruction,D3 Publisher,Papaya Studio Corporation,830000,10/5/2010,11/18/2020,Action-Adventure
675,Dungeon Siege III,Square Enix,Obsidian Entertainment,820000,6/21/2011,1/7/2021,Role-Playing
676,Ben 10 Alien Force: Vilgax Attacks,D3 Publisher,Papaya Studio Corporation,810000,10/27/2009,11/18/2020,Action-Adventure
677,Godzilla: Unleashed,Atari,Pipeworks Software,800000,11/20/2007,4/14/2021,Fighting
678,Deer Hunter II: The Hunt Continues,WizardWorks,Sunstorm Interactive,800000,10/1/1998,9/28/2022,Shooter
679,13 Sentinels: Aegis Rim,Sega,Vanillaware,800000,9/22/2020,11/28/2022,Adventure
680,Shellshock: Nam '67,Eidos Interactive,Guerrilla Games,800000,9/14/2004,5/21/2023,Shooter
681,Prince of Persia 2: The Shadow and the Flame,Ubisoft,Broderbund,750000,1/1/1993,11/26/2020,Platform
682,Broken Sword II: The Smoking Mirror,Virgin Interactive,Revolution Software,750000,10/17/1997,3/3/2021,Adventure
683,Leisure Suit Larry: Love for Sail!,Sierra Online,Sierra On-Line,750000,11/26/1996,4/7/2021,Adventure
684,Sacred 2: Fallen Angel,Deep Silver,Ascaron,750000,11/11/2008,4/21/2021,Role-Playing
685,IHRA Drag Racing,Bethesda Softworks,Digital Dialect,750000,1/1/2001,4/7/2022,Racing
686,Sewer Shark,Sony Imagesoft,Digital Pictures,750000,10/15/1992,10/1/2022,Shooter
687,The Fifth Element,Activision,Kalisto Entertainment,750000,9/30/1998,6/5/2023,Action-Adventure
688,Dynasty Warriors 9,Koei Tecmo,Omega Force,730000,2/13/2018,10/17/2020,Action
689,Dragon Ball Z: Burst Limit,Atari,Dimps Corporation,730000,6/10/2008,11/20/2020,Fighting
690,Sonic Lost World,Sega,Sonic Team/Dimps Corporation,710000,10/29/2013,10/23/2020,Platform
691,Dragon Ball Z: Ultimate Tenkaichi,Bandai,Spike,700000,10/25/2011,10/27/2020,Fighting
692,Dragon Ball: Raging Blast,Bandai,Spike,700000,11/10/2009,11/18/2020,Fighting
693,God Eater 2,Bandai Namco Entertainment,Shift,700000,11/14/2013,11/18/2020,Role-Playing
694,Dynasty Warriors: Gundam 2,Bandai Namco,Omega Force,700000,4/22/2009,11/20/2020,Action
695,Nier,Square Enix,Cavia,700000,4/27/2010,12/24/2020,Role-Playing
696,Attack on Titan,Koei Tecmo,Omega Force,700000,8/30/2016,1/22/2021,Action
697,Gone Home,The Fullbright Company,The Fullbright Company,700000,8/15/2013,1/28/2021,Adventure
698,Wing Commander III: Heart of the Tiger,Origin Systems,Origin Systems,700000,12/1/1994,3/16/2021,Simulation
699,Tennis World Tour,Bigben Interactive,Breakpoint Studio,700000,5/22/2018,4/26/2021,Sports
700,Striker,Rage Software,Rage Software,700000,1/1/1992,4/7/2022,Sports
701,Tales of Rebirth,Namco,Namco Tales Studio,690000,12/16/2004,11/11/2020,Role-Playing
702,Football Manager 2011,Sega,Sports Interactive,690000,11/5/2010,11/13/2020,Simulation
703,Dynasty Warriors 7,Tecmo Koei,Omega Force,660000,3/29/2011,10/16/2020,Action
704,One Piece Unlimited World: Red,Bandai Namco Games,Ganbarion,650000,7/8/2014,11/23/2020,Action-Adventure
705,Safecracker,GT Interactive,Daydream Software,650000,5/1/1997,3/12/2021,Puzzle
706,Ninja Gaiden 3,Tecmo Koei,Team Ninja,630000,3/20/2012,10/16/2020,Action
707,Dragon Ball Z: Battle of Z,Bandai,ArtDink,620000,1/28/2014,10/27/2020,Fighting
708,VA-11 HALL-A,Ysbryd Games,Sukeban Games,600000,6/21/2016,12/1/2020,Adventure
709,Oddworld: Stranger's Wrath HD,Electronic Arts,Oddworld Inhabitants,600000,1/25/2005,1/1/2021,Action-Adventure
710,Mini Ninjas,Eidos Interactive,IO Interactive,600000,9/8/2009,1/18/2021,Action
711,Akiba's Trip: Undead & Undressed,Xseed Games,Acquire,600000,8/12/2014,2/3/2021,Action
712,Bloodstained: Curse of the Moon,Inti Creates,Inti Creates,600000,5/24/2018,2/8/2021,Platform
713,Omikron: The Nomad Soul,Eidos Interactive,Quantic Dream,600000,11/5/1999,3/8/2021,Adventure
714,Syberia II,MC2 Entertainment,Microids,600000,3/30/2004,3/9/2021,Adventure
715,Ring: The Legend of the Nibelungen,Red Orb Entertainment,Arxel Tribe,600000,7/5/1999,3/11/2021,Adventure
716,All-Star Baseball 2003,Acclaim Entertainment,Acclaim Studios Austin,600000,3/7/2002,4/16/2021,Sports
717,Shin Megami Tensei III: Nocturne HD Remaster,Sega,Atlus,600000,5/21/2021,4/28/2021,Role-Playing
718,F1 Manager 2022,Frontier Developments,Frontier Developments,600000,8/30/2022,1/10/2023,Simulation
719,Montezuma's Revenge,Parker Brothers,Utopia Software,600000,1/1/1984,6/24/2023,Platform
720,One Piece: Pirate Warriors 2,Bandai,Omega Force,590000,9/3/2013,11/22/2020,Action-Adventure
721,Dragon Ball: Raging Blast 2,Bandai,Spike,580000,11/2/2010,11/18/2020,Fighting
722,Final Fantasy Crystal Chronicles: Echoes of Time,Square Enix,Square Enix,570000,3/24/2009,1/14/2021,Role-Playing
723,Okami,Capcom,Clover Studio,550000,9/19/2006,1/20/2021,Action-Adventure
724,Toukiden: The Age of Demons,Tecmo Koei,Omega Force,550000,2/11/2014,2/5/2021,Role-Playing
725,ToeJam & Earl: Back in the Groove,HumaNature Studios,HumaNature Studios,550000,3/1/2019,9/17/2021,Platform
726,NCAA Football 2004,EA Sports,EA Tiburon,550000,7/16/2003,10/18/2022,Sports
727,Attack on Titan 2,Koei Tecmo,Omega Force,520000,3/20/2018,10/17/2020,Action
728,Romance of the Three Kingdoms XIV,Koei Tecmo,Koei,500000,2/28/2020,10/17/2020,Strategy
729,Granblue Fantasy: Versus,Xseed Games,Arc System Works,500000,3/3/2020,11/21/2020,Fighting
730,Atelier Ryza: Ever Darkness & the Secret Hideout,Koei Tecmo,Gust,500000,10/29/2019,12/9/2020,Role-Playing
731,Yakuza 0,Sega,Sega,500000,1/24/2017,12/15/2020,Action-Adventure
732,Soul Reaver 2,Eidos Interactive,Crystal Dynamics,500000,10/31/2001,1/12/2021,Action-Adventure
733,Blood Omen 2,Eidos Interactive,Crystal Dynamics,500000,3/21/2002,1/12/2021,Action-Adventure
734,Backyard Wrestling: Don't Try This at Home,Eidos Interactive,Paradox Development,500000,10/7/2003,1/12/2021,Fighting
735,Legacy of Kain: Defiance,Eidos Interactive,Crystal Dynamics,500000,11/11/2003,1/12/2021,Action-Adventure
736,Frontier: Elite II,GameTek,David Braben,500000,10/29/1993,1/19/2021,Simulation
737,Colin McRae: DiRT,Codemasters,Codemasters,500000,6/19/2007,1/26/2021,Racing
738,Jikkyou Powerful Pro Baseball 2016,Konami,Konami,500000,4/28/2016,1/30/2021,Sports
739,Hello Neighbor,TinyBuild Games,Dynamic Pixels,500000,12/8/2017,2/8/2021,Action
740,Ys VIII: Lacrimosa of Dana,NIS America,Nihon Falcom Corporation,500000,9/12/2017,2/9/2021,Role-Playing
741,Wizard of Legend,Humble Bundle,Contingent99,500000,5/15/2018,2/9/2021,Action-Adventure
742,My Hero One's Justice,Bandai Namco Entertainment,Byking,500000,10/26/2018,2/9/2021,Fighting
743,My Friend Pedro,Devolver Digital,DeadToast Entertainment,500000,6/20/2019,2/19/2021,Shooter
744,Captain Tsubasa: Rise of New Champions,Bandai Namco Entertainment,Tamsoft,500000,8/28/2020,2/19/2021,Sports
745,Dreamfall Chapters,Deep Silver,Red Thread Games,500000,10/21/2014,3/6/2021,Adventure
746,Syberia,The Adventure Company,Microids,500000,9/1/2002,3/9/2021,Adventure
747,Ultima Underworld: The Stygian Abyss,Origin Systems,Blue Sky Productions,500000,3/1/1992,3/15/2021,Role-Playing
748,Caesar II,Sierra Online,Impressions Games,500000,9/4/1995,3/18/2021,Simulation
749,Skylanders: Giants,Activision,Toys for Bob,500000,10/21/2012,3/18/2021,Platform
750,Test Drive: Off-Road,Accolade,Elite Systems Ltd.,500000,3/27/1997,3/19/2021,Racing
751,Conquest of the New World,Interplay Productions,Quicksilver Software,500000,3/31/1996,3/29/2021,Strategy
752,Little Big Adventure,Electronic Arts,Adeline Software,500000,10/1/1994,3/30/2021,Action-Adventure
753,Time Commando,Activision,Adeline Software,500000,7/31/1996,3/30/2021,Action-Adventure
754,Blackguards,Daedalic Entertainment,Daedalic Entertainment,500000,1/24/2014,4/1/2021,Role-Playing
755,Thexder,Game Arts,Game Arts,500000,4/1/1985,4/2/2021,Shooter
756,King's Quest V: Absence Makes the Heart Go Yonder!,Sierra Online,Sierra On-Line,500000,11/9/1990,4/3/2021,Adventure
757,Freddy Pharkas: Frontier Pharmacist,Sierra Online,Sierra On-Line,500000,1/1/1993,4/9/2021,Adventure
758,Star Trek: The Next Generation ‚Äì A Final Unity,Spectrum Holobyte,Spectrum Holobyte,500000,5/31/1995,4/22/2021,Adventure
759,Shanghai,Activision,Activision,500000,7/1/1986,9/1/2021,Puzzle
760,Mini Motorways,Dinosaur Polo Club,Dinosaur Polo Club,500000,9/19/2019,12/7/2021,Strategy
761,Iron Helix,Spectrum Holobyte,Drew Pictures,500000,1/1/1993,4/7/2022,Adventure
762,The Great Ace Attorney Chronicles,Capcom,Capcom,500000,7/27/2021,4/15/2022,Adventure
763,HardBall!,Accolade,Accolade,500000,1/1/1985,4/23/2022,Sports
764,Test Drive (1987),Accolade,Distinctive Software,500000,1/1/1987,4/23/2022,Racing
765,Blur,Activision,Bizarre Creations,500000,5/25/2010,4/25/2022,Racing
766,eBASEBALL Powerful Pro Baseball 2022,Konami,Konami,500000,4/21/2022,6/9/2022,Sports
767,The Little Mermaid,Capcom,Capcom,500000,8/1/1991,9/29/2022,Action-Adventure
768,Boulder Dash,First Star Software,Data East,500000,3/1/1984,9/30/2022,Puzzle
769,Digimon Survive,Bandai Namco Entertainment,Hyde,500000,7/29/2022,12/2/2022,Role-Playing
770,The Hobbit (1982),Melbourne House,Beam Software,500000,11/1/1982,5/24/2023,Adventure
771,Warriors Orochi 3,Tecmo Koei,Omega Force,480000,3/20/2012,10/16/2020,Action
772,Despicable Me: The Game,D3 Publisher,D3Publisher,470000,7/6/2010,11/19/2020,Action-Adventure
773,Ben 10: Galactic Racing,D3 Publisher,Monkey Bar Games,460000,10/18/2011,11/18/2020,Racing
774,Dynasty Warriors: Gundam 3,Bandai Namco,Omega Force,460000,6/28/2011,11/19/2020,Action
775,Fist of the North Star: Ken's Rage 2,Tecmo Koei,Koei,450000,2/5/2013,10/16/2020,Action
776,Frozen Synapse,Mode 7,Mode 7 Games,450000,5/26/2011,2/17/2021,Strategy
777,BlazBlue: Cross Tag Battle,Arc System Works,Arc System Works,450000,6/5/2018,2/19/2021,Fighting
778,Pirates! Gold,Microprose,MPS Labs,450000,1/1/1993,3/12/2021,Adventure
779,Super Robot Wars Z III,Bandai Namco,Banpresto,430000,9/25/2008,11/23/2020,Role-Playing
780,Afro Samurai,Namco Bandai Games,Namco Bandai Games,420000,1/27/2009,11/21/2020,Action
781,Samurai Warriors 5,Koei Tecmo,Omega Force,410000,7/27/2021,7/27/2021,Action
782,Dynasty Warriors 8,Tecmo Koei,Omega Force,400000,7/16/2013,10/16/2020,Action
783,Gundam Breaker,Namco Bandai Games,Namco Bandai Games,400000,6/27/2013,11/23/2020,Action
784,Jurassic Park: Operation Genesis,Universal Interactive,Blue Tongue Entertainment,400000,3/10/2003,1/19/2021,Simulation
785,Sid Meier's Railroad Tycoon Deluxe,Microprose,MPS Labs,400000,1/1/1990,3/12/2021,Simulation
786,Imperialism,Strategic Simulations,Frog City Software,400000,9/3/1997,3/13/2021,Strategy
787,Imperialism II: Age of Exploration,Strategic Simulations,Frog City Software,400000,4/1/1999,3/13/2021,Strategy
788,Ultima IV: Quest of the Avatar,Origin Systems,Origin Systems,400000,11/1/1985,3/15/2021,Role-Playing
789,Caesar III,Sierra Studios,Impressions Games,400000,9/30/1998,3/18/2021,Simulation
790,MDK,Playmates,Shiny Entertainment,400000,5/5/1997,3/30/2021,Shooter
791,"King's Quest VI: Heir Today, Gone Tomorrow",Sierra Online,Sierra On-Line,400000,10/13/1992,4/3/2021,Adventure
792,Temple of Apshai,Automated Simulations,Automated Simulations,400000,8/1/1979,4/7/2021,Role-Playing
793,X-COM: UFO Defense,Microprose,Mythos Games,400000,3/1/1994,4/23/2021,Strategy
794,The Emperor's New Groove,Sony Computer Entertainment,Argonaut Games,400000,11/13/2000,7/5/2021,Platform
795,Melty Blood: Type Lumina,Delightworks,French-Bread,400000,9/30/2021,3/15/2022,Fighting
796,Ryu ga Gotoku Ishin!,Sega,Sega,390000,2/22/2014,11/16/2020,Action-Adventure
797,SD Gundam G Generation Wars,Bandai Namco Games,Tom Create,370000,8/6/2009,11/21/2020,Role-Playing
798,Disgaea 5,NIS America,Nippon Ichi Software,370000,10/6/2015,2/3/2021,Role-Playing
799,Atelier Ryza 2: Lost Legends & the Secret Fairy,Koei Tecmo,Gust,360000,1/26/2021,12/9/2020,Role-Playing
800,Dead or Alive 6,Koei Tecmo,Team Ninja,350000,3/1/2019,10/17/2020,Fighting
801,Dead to Rights: Retribution,Namco,Volatile Games,350000,4/27/2010,11/18/2020,Action-Adventure
802,Egypt 1156 B.C.: Tomb of the Pharaoh,Cryo Interactive,Cryo Interactive Entertainment,350000,1/1/1997,3/11/2021,Adventure
803,Traitors Gate,DreamCatcher Interactive,Daydream Software,350000,5/15/2000,3/12/2021,Adventure
804,Myth: The Fallen Lords,Bungie Software,Bungie,350000,11/7/1997,3/13/2021,Strategy
805,Myth II: Soulblighter,Bungie Software,Bungie,350000,12/28/1998,3/13/2021,Strategy
806,Star Trek: Starfleet Academy,Interplay Productions,Interplay Productions,350000,9/12/1997,3/29/2021,Simulation
807,Wasteland 2,Deep Silver,InXile Entertainment,350000,9/19/2014,3/30/2021,Role-Playing
808,The Operative: No One Lives Forever,Fox Interactive,Monolith Productions,350000,11/9/2000,4/10/2021,Shooter
809,Wayne Gretzky Hockey,Bethesda Softworks,Bethesda Softworks,350000,1/1/1988,5/25/2021,Sports
810,Samurai Warriors 4,Koei Tecmo,Omega Force,340000,10/21/2014,10/16/2020,Action
811,Fatal Frame: Maiden of Black Water,Koei Tecmo,Koei Tecmo Games,340000,10/28/2021,2/28/2022,Action-Adventure
812,Dead or Alive 5 Last Round,Koei Tecmo,Team Ninja,330000,2/17/2015,2/5/2021,Fighting
813,MegaRace,Software Toolworks,Cryo Interactive,330000,1/1/1993,3/21/2021,Racing
814,Blood Omen: Legacy of Kain,Crystal Dynamics,Silicon Knights,320000,11/1/1996,1/11/2021,Action-Adventure
815,Fantastic Four,Activision,7 Studios,320000,6/27/2005,9/29/2022,Action-Adventure
816,Agony,PlayWay,Madmind Studio,310000,5/29/2018,1/24/2021,Action-Adventure
817,Fairy Tail,Koei Tecmo,Gust,310000,7/31/2020,2/7/2021,Role-Playing
818,Nobunaga's Ambition: Sphere of Influence,Koei Tecmo,Koei Tecmo Games,300000,12/12/2013,10/16/2020,Strategy
819,.hack//G.U. Last Recode,Bandai Namco Entertainment,CyberConnect2,300000,11/3/2017,2/9/2021,Role-Playing
820,SNK Heroines: Tag Team Frenzy,NIS America,SNK,300000,9/7/2018,2/12/2021,Fighting
821,Agents of Mayhem,Deep Silver,Volition,300000,8/15/2017,2/14/2021,Action-Adventure
822,Dreamfall: The Longest Journey,Aspyr,Funcom,300000,4/17/2006,3/6/2021,Adventure
823,Tropico 2: Pirate Cove,Gathering of Developers,Frog City Software,300000,4/8/2003,3/13/2021,Simulation
824,Atlantis: The Lost Tales,Interplay Productions,Cryo Interactive Entertainment,300000,9/30/1997,3/20/2021,Adventure
825,Asterix & Obelix Take On Caesar,Cryo Interactive,Tek 5,300000,1/1/1999,3/20/2021,Action
826,Dragon Lore,Mindscape,Cryo Interactive,300000,12/1/1994,3/21/2021,Adventure
827,In Memoriam,The Adventure Company,Lexis Numerique,300000,6/29/2004,3/22/2021,Adventure
828,Stonekeep,Interplay Productions,Interplay Productions,300000,11/8/1995,3/30/2021,Role-Playing
829,Putt-Putt Joins the Parade,Humongous Entertainment,Humongous Entertainment,300000,11/6/1992,5/1/2021,Adventure
830,Disney's Aladdin in Nasira's Revenge,Sony Computer Entertainment,Argonaut Games,300000,3/15/2001,7/5/2021,Platform
831,Lode Runner,Broderbund,Douglas E. Smith,300000,6/23/1983,4/7/2022,Platform
832,Earth Defense Force 6,D3 Publisher,Sandlot,300000,8/25/2022,9/2/2022,Shooter
833,Slime Rancher 2,Monomi Park,Monomi Park,300000,9/22/2022,9/23/2022,Simulation
834,Atelier Ryza 3: Alchemist of the End & the Secret Key,Koei Tecmo,Gust,300000,3/24/2023,4/27/2023,Role-Playing
835,Dead to Rights II,Namco,WideScreen Games,290000,4/12/2005,11/21/2020,Action-Adventure
836,Lamborghini American Challenge,Titus,Titus France SA,290000,1/1/1994,6/27/2023,Racing
837,Curious George,Namco,Monkey Bar Games,280000,2/1/2006,11/21/2020,Platform
838,Persona 4 Arena Ultimax,Atlus,Arc System Works,280000,11/28/2013,2/18/2021,Fighting
839,Dynasty Warriors 9 Empires,Koei Tecmo,Omega Force,280000,2/15/2022,2/28/2022,Strategy
840,Pool of Radiance,Strategic Simulations,Strategic Simulations,260000,6/1/1988,3/26/2021,Role-Playing
841,Clash of the Titans,Namco Bandai Games,Game Republic,250000,7/27/2010,11/18/2020,Action-Adventure
842,Battle Stadium D.O.N,Namco Bandai Games,Eighting,250000,7/20/2006,11/21/2020,Fighting
843,Toukiden 2,Koei Tecmo,Omega Force,250000,3/21/2017,2/7/2021,Role-Playing
844,Riddle of the Sphinx: An Egyptian Adventure,DreamCatcher Interactive,Old World Studios,250000,12/5/2000,3/11/2021,Adventure
845,Crusader: No Remorse,Electronic Arts,Origin Systems,250000,8/31/1995,3/16/2021,Action
846,Panzer General,Strategic Simulations,Strategic Simulations,250000,1/1/1994,3/17/2021,Strategy
847,Dune II,Virgin Games,Westwood Studios,250000,12/1/1992,3/21/2021,Strategy
848,Wasteland,Electronic Arts,Interplay Productions,250000,1/2/1988,3/30/2021,Role-Playing
849,Virtual Pool,Interplay Productions,Celeris,250000,3/1/1997,3/30/2021,Sports
850,King's Quest III: To Heir Is Human,Sierra Online,Sierra On-Line,250000,10/1/1986,4/3/2021,Adventure
851,3-D Ultra Pinball,Sierra Online,Dynamix,250000,1/1/1995,4/5/2021,Misc
852,Leisure Suit Larry in the Land of the Lounge Lizards,Sierra Online,Sierra On-Line,250000,7/5/1987,4/7/2021,Adventure
853,Leisure Suit Larry 5: Passionate Patti Does a Little Undercover Work,Sierra Online,Sierra On-Line,250000,9/7/1991,4/7/2021,Adventure
854,Leisure Suit Larry 6: Shape Up or Slip Out!,Sierra Online,Sierra On-Line,250000,6/15/1993,4/7/2021,Adventure
855,Hoyle's Official Book of Games: Volume 1,Sierra Entertainment,Sierra Entertainment,250000,1/1/1989,4/8/2021,Misc
856,Quest for Glory: So You Want to Be a Hero,Sierra Online,Sierra On-Line,250000,10/1/1989,4/8/2021,Role-Playing
857,Touhou Luna Nights,Playism,Team Ladybug,250000,8/20/2018,4/12/2021,Platform
858,Grand Prix Simulator,Codemasters,Codemasters,250000,1/1/1987,7/18/2021,Racing
859,Evolution,Sydney Development Corporation,Distinctive Software,250000,1/1/1982,4/23/2022,Misc
860,The Duel: Test Drive II,Accolade,Distinctive Software,250000,1/1/1989,4/23/2022,Racing
861,Wolfenstein 3D,"Apogee Software, Ltd.",id Software,250000,5/5/1992,10/1/2022,Shooter
862,Age of Wonders 4,Paradox Interactive,Triumph Studios,250000,5/2/2023,5/10/2023,Strategy
863,Namco Museum 50th Anniversary,Namco,Digital Eclipse,240000,8/30/2005,11/21/2020,Misc
864,Senran Kagura Shinovi Versus,Xseed Games,Tamsoft,240000,10/14/2014,1/23/2021,Action
865,Still Life,The Adventure Company,Microids,240000,4/15/2005,3/8/2021,Adventure
866,Ninja Gaiden: Master Collection,Koei Tecmo,Team Ninja,240000,6/10/2021,7/27/2021,Action
867,Persona 4 Arena,Atlus,Arc System Works,220000,3/1/2012,12/7/2020,Fighting
868,Attack on Titan 2: Final Battle,Koei Tecmo,Omega Force,220000,7/5/2019,2/7/2021,Action
869,Nobunaga no Yabo: Tendo,Koei Tecmo,Koei Tecmo Games,200000,9/18/2009,10/16/2020,Strategy
870,Worms: Open Warfare,THQ,Team17,200000,3/22/2006,1/26/2021,Strategy
871,Fate/Extella: The Umbral Star,Xseed Games,Marvelous,200000,1/17/2017,1/30/2021,Action
872,Toukiden Kiwami,Koei Tecmo,Omega Force,200000,6/26/2015,2/5/2021,Role-Playing
873,Azur Lane: Crosswave,Idea Factory International,Felistella,200000,2/13/2020,2/19/2021,Shooter
874,Carrion,Devolver Digital,Phobia Game Studio,200000,7/23/2020,2/19/2021,Action
875,Romancing SaGa 2,Square,Square,200000,12/10/1993,2/20/2021,Role-Playing
876,Dracula: Resurrection,DreamCatcher Interactive,Index+,200000,6/1/2000,3/9/2021,Adventure
877,Atlantis II,DreamCatcher Interactive,Cryo Interactive,200000,11/1/1999,3/20/2021,Adventure
878,ClayFighter,Interplay Productions,Visual Concepts,200000,11/15/1993,3/29/2021,Fighting
879,Outpost,Sierra Online,Sierra On-Line,200000,1/1/1994,4/5/2021,Simulation
880,Wizardry: Proving Grounds of the Mad Overlord,Sirtech,Sir-Tech,200000,9/1/1981,4/6/2021,Role-Playing
881,Indianapolis 500: The Simulation,Electronic Arts,Papyrus Design Group,200000,1/1/1989,4/10/2021,Racing
882,Torin's Passage,Sierra Online,Sierra On-Line,200000,10/31/1995,4/10/2021,Adventure
883,Master of Orion II: Battle at Antares,Microprose,SimTex,200000,11/22/1996,4/20/2021,Strategy
884,Mean 18,Accolade,Microsmiths Inc.,200000,1/1/1986,4/25/2022,Sports
885,Atelier Sophie 2: The Alchemist of the Mysterious Dream,Koei Tecmo,Gust,200000,2/25/2022,5/11/2022,Role-Playing
886,Nobunaga's Ambition: Shinsei,Koei Tecmo,Koei Tecmo Games,200000,7/21/2022,11/4/2022,Strategy
887,Dead or Alive Xtreme 3,Koei Tecmo,Team Ninja,190000,3/24/2016,10/16/2020,Sports
888,Samurai Warriors 4-II,KOEI,Koei Tecmo Games,180000,2/11/2015,10/16/2020,Action
889,Romance of the Three Kingdoms XIII,Koei Tecmo,Koei,180000,1/28/2016,10/16/2020,Strategy
890,Atelier Lydie & Suelle: The Alchemists and the Mysterious Paintings,Koei Tecmo,Gust,180000,12/21/2017,10/17/2020,Role-Playing
891,Curse of the Azure Bonds,Strategic Simulations,Strategic Simulations,180000,1/1/1989,3/22/2021,Role-Playing
892,IndyCar Racing II,Papyrus,Papyrus Design Group,180000,1/1/1995,4/10/2021,Racing
893,Taiko Risshiden V DX,Koei Tecmo,Koei Tecmo Games,180000,5/19/2022,8/3/2022,Strategy
894,Atelier Sophie: The Alchemist of the Mysterious Book,Koei Tecmo,Gust,170000,11/19/2015,10/16/2020,Role-Playing
895,Akiba's Trip,Acquire,Acquire,170000,5/19/2011,2/3/2021,Action
896,Secret of the Silver Blades,Strategic Simulations,"Strategic Simulations, Inc.",170000,1/1/1990,3/22/2021,Role-Playing
897,Shattered Steel,Interplay Productions,BioWare,170000,10/1/1996,3/30/2021,Shooter
898,BMX XXX,Acclaim Entertainment,Z-Axis,160000,11/15/2002,9/30/2022,Sports
899,Prehistorik Man,Titus,Titus France SA,160000,1/25/1996,6/27/2023,Platform
900,Nights of Azure,Koei Tecmo,Gust,150000,3/29/2016,2/7/2021,Role-Playing
901,Labyrinth of Refrain: Coven of Dusk,Nippon Ichi Software,Nippon Ichi Software,150000,9/18/2018,2/9/2021,Role-Playing
902,China: The Forbidden City,Cryo Interactive,Cryo Interactive Entertainment,150000,1/1/1998,3/11/2021,Adventure
903,Ripper,Take-Two Interactive,Take-Two Interactive,150000,3/1/1986,3/27/2021,Adventure
904,M.A.X.: Mechanized Assault & Exploration,Interplay Productions,Interplay Productions,150000,1/1/1996,3/30/2021,Strategy
905,Dead or Alive 5 Ultimate,Tecmo Koei,Team Ninja,140000,9/3/2013,2/5/2021,Fighting
906,Warriors All-Stars,Koei Tecmo,Omega Force,130000,3/30/2017,10/17/2020,Action
907,Nobunaga's Ambition: Taishi,Koei Tecmo,Koei Tecmo Games,130000,11/30/2017,10/17/2020,Strategy
908,Mobile Suit Gundam Side Stories,Namco Bandai Games,B.B. Studio,130000,5/29/2014,11/23/2020,Action
909,Bionic Commando Rearmed,Capcom,GRIN,130000,8/14/2008,2/14/2021,Platform
910,Egypt II: The Heliopolis Prophecy,Cryo Interactive,Cryo Interactive,130000,9/27/2000,3/11/2021,Adventure
911,Eye of the Beholder,Unknown,Westwood Associates,130000,,3/24/2021,Role-Playing
912,The Fantastic Adventures of Dizzy,Codemasters,Codemasters,130000,4/1/1991,7/18/2021,Adventure
913,NFL Blitz Pro,Midway Games,Midway Games,130000,10/28/2003,4/26/2022,Sports
914,Ultima III: Exodus,Origin Systems,Origin Systems,120000,8/23/1983,3/15/2021,Role-Playing
915,Star Control,Accolade,Toys for Bob,120000,7/1/1990,3/18/2021,Strategy
916,Amnesia: A Machine for Pigs,Frictional Games,The Chinese Room,120000,9/10/2013,3/18/2021,Adventure
917,Blue Reflection: Second Light,Koei Tecmo,Gust,120000,11/9/2021,2/28/2022,Role-Playing
918,Fatal Frame: Mask of the Lunar Eclipse,Koei Tecmo,Koei Tecmo Games,120000,3/9/2023,4/28/2023,Adventure
919,Blaster Master Zero,Inti Creates,Inti Creates,110000,3/9/2017,2/3/2021,Action-Adventure
920,Bullet Girls Phantasia,D3 Publisher,SHADE Inc.,100000,1/17/2020,10/10/2020,Role-Playing
921,Frontier: First Encounters,GameTek,Frontier Developments,100000,4/1/1995,1/19/2021,Simulation
922,Senran Kagura: Estival Versus,Marvelous Entertainment,Tamsoft,100000,3/15/2016,1/23/2021,Action
923,God Wars: Future Past,NIS America,Kadokawa Games,100000,6/20/2017,1/24/2021,Role-Playing
924,Gal Gun: Double Peace,PQube,Inti Creates,100000,8/2/2016,1/30/2021,Shooter
925,Samurai Warriors 4: Empires,KOEI,Omega Force,100000,3/15/2016,2/7/2021,Action
926,Romance of the Three Kingdoms XIV: Diplomacy and Strategy Expansion Pack,Koei Tecmo,Koei Tecmo Games,100000,12/10/2020,3/5/2021,Strategy
927,Might and Magic: The Secret of the Inner Sanctum,New World Computing,New World Computing,100000,1/1/1986,3/13/2021,Role-Playing
928,Amnesia: Rebirth,Frictional Games,Frictional Games,100000,10/20/2020,3/17/2021,Adventure
929,Deadlock: Planetary Conquest,Accolade,Accolade,100000,8/28/1996,3/18/2021,Strategy
930,Skylanders: Imaginators,Activision,Toys for Bob,100000,10/16/2016,3/18/2021,Platform
931,Macadam Bumper,Accolade,ERE Informatique,100000,1/1/1988,3/20/2021,Misc
932,The Last Express,Broderbund,Smoking Car Productions,100000,3/30/1997,3/28/2021,Adventure
933,VR Baseball '97,Interplay Entertainment Corp.,VR Sports,100000,1/1/1997,3/30/2021,Sports
934,King's Quest IV: The Perils of Rosella,Sierra Online,Sierra On-Line,100000,9/1/1988,4/3/2021,Adventure
935,Choplifter,Broderbund,Dan Gorlin,100000,5/21/1982,4/6/2021,Shooter
936,The Fool's Errand,Miles Computing,Cliff Johnson,100000,1/1/1987,4/8/2021,Puzzle
937,Men in Black: The Game,SouthPeak Interactive,Gigawatt Studios,100000,11/18/1997,4/14/2021,Adventure
938,PHM Pegasus,Electronic Arts,Lucasfilm Games,100000,1/1/1986,7/13/2021,Simulation
939,The Dam Busters,Accolade,Sydney Development,100000,1/1/1984,4/23/2022,Simulation
940,Ace of Aces,Accolade,Distinctive Software,100000,1/1/1986,4/23/2022,Simulation
941,Grand Prix Circuit,Accolade,Distinctive Software,100000,1/1/1988,4/23/2022,Racing
942,HardBall II,Accolade,Distinctive Software,100000,1/1/1989,4/23/2022,Sports
943,Pocky & Rocky Reshrined,Natsume Atari,Tengo Project,100000,6/23/2022,7/14/2022,Shooter
944,Winning Post 9 2022,Koei Tecmo,Koei Tecmo Games,100000,4/14/2022,8/3/2022,Simulation
945,The Pagemaster,Fox Interactive,Probe Software,100000,11/23/1994,9/28/2022,Platform
946,Mindshadow,Activision,Interplay Productions,100000,1/1/1984,9/29/2022,Adventure
947,The Ancient Art of War at Sea,Broderbund,Evryware,100000,1/1/1987,10/5/2022,Strategy
948,Manhunter: New York,Sierra Online,Evryware,100000,1/1/1988,10/5/2022,Adventure
949,Manhunter 2: San Francisco,Sierra Online,Evryware,100000,6/1/1989,10/5/2022,Adventure
950,Pompei: The Legend of Vesuvius,Cryo Interactive,Arxel Tribe,90000,1/1/2000,3/11/2021,Adventure
951,Heroes of the Lance,Strategic Simulations,U.S. Gold,90000,1/1/1988,3/26/2021,Action-Adventure
952,Blue Reflection,Koei Tecmo,Gust,80000,9/26/2017,10/17/2020,Role-Playing
953,Hillsfar,Westwood Studios,Westwood,80000,1/1/1989,3/22/2021,Role-Playing
954,Winning Post 9 2021,Koei Tecmo,Koei Tecmo Games,80000,4/15/2021,7/27/2021,Simulation
955,LarryBoy and the Bad Apple,Crave Entertainment,Papaya Studios,80000,8/8/2006,9/26/2022,Platform
956,Uncharted Waters IV HD Version,Koei Tecmo,Koei Tecmo Games,70000,5/20/2021,7/27/2021,Role-Playing
957,Winning Post 10,Koei Tecmo,Koei Tecmo Games,70000,3/30/2023,4/28/2023,Simulation
958,Arslan: The Warriors of Legend,KOEI,Koei Tecmo Games,60000,2/9/2016,2/7/2021,Action
959,Dragons of Flame,Strategic Simulations,U.S. Gold,60000,1/1/1989,3/22/2021,Action-Adventure
960,Gateway to the Savage Frontier,Strategic Simulations,Beyond Software,60000,1/1/1991,3/22/2021,Role-Playing
961,Wargame Construction Set,Strategic Simulations,Strategic Simulations,60000,1/1/1986,3/25/2021,Strategy
962,Shamus,Atarisoft,Synapse Software,60000,1/1/1982,6/24/2023,Shooter
963,Blue Max,U.S. Gold,Synapse Software,60000,1/1/1983,6/24/2023,Shooter
964,Omega Labyrinth Life,D3 Publisher,Matrix Games,50000,12/10/2019,10/10/2020,Role-Playing
965,Metal Max Xeno,NIS America,Kadokawa Games,50000,9/25/2018,2/8/2021,Role-Playing
966,Allied General,Strategic Simulations,Strategic Simulations,50000,1/31/1996,3/17/2021,Strategy
967,Buck Rogers: Countdown to Doomsday,Strategic Simulations,Strategic Simulations,50000,1/1/1990,3/22/2021,Role-Playing
968,Computer Baseball,Strategic Simulations,Strategic Simulations,50000,1/1/1981,3/24/2021,Sports
969,Gemstone Warrior,Strategic Simulations,Paradigm Creators,50000,1/1/1984,3/24/2021,Action-Adventure
970,Phantasie,Strategic Simulations,Strategic Simulations,50000,1/1/1985,3/25/2021,Role-Playing
971,Wizard's Crown,Strategic Simulations,Strategic Simulations,50000,1/1/1986,3/25/2021,Role-Playing
972,Phantasie III: The Wrath of Nikademus,Strategic Simulations,Strategic Simulations,50000,1/1/1987,3/25/2021,Role-Playing
973,Castle Wolfenstein,Muse Software,Muse Software,50000,9/1/1981,4/6/2021,Action-Adventure
974,Monster Boy and the Cursed Kingdom,FDG Entertainment,Game Atelier,50000,12/4/2018,5/22/2021,Platform
975,Arcana Heart 3,Aksys Games,Team Arcana,50000,4/19/2011,7/17/2021,Fighting
976,Monark,FuRyu Corporation,Lancarse,50000,2/22/2022,10/21/2021,Role-Playing
977,Fox Hunt,Capcom,3Vision Gamers,50000,1/31/1996,9/30/2022,Adventure
978,Samurai Maiden,Unknown,SHADE Inc.,50000,,12/12/2022,Action
979,Disgaea 7,Nippon Ichi Software,Nippon Ichi Software,50000,1/26/2023,2/10/2023,Role-Playing
980,The Dark Queen of Krynn,Strategic Simulations,MicroMagic,40000,1/1/1992,3/22/2021,Role-Playing
981,Roadwar 2000,Strategic Simulations,Strategic Simulations,40000,1/1/1986,3/25/2021,Strategy
982,Blood Money,Psygnosis,DMA Design,40000,5/1/1989,4/23/2021,Shooter
983,Neverwinter Nights: Darkness over Daggerford,Ossian Studios,Ossian Studios,30000,8/16/2006,3/15/2021,Role-Playing
984,A Vampyre Story,The Adventure Company,Autumn Moon Entertainment,30000,12/2/2008,3/22/2021,Adventure
985,DragonStrike,Strategic Simulations,Westwood Associates,30000,1/1/1990,3/23/2021,Misc
986,Forgotten Realms: Unlimited Adventures,Strategic Simulations,MicroMagic,30000,3/17/1993,3/24/2021,Role-Playing
987,Phantasie II,Strategic Simulations,Strategic Simulations,30000,1/1/1986,3/25/2021,Role-Playing
988,Dungeon Masters Assistant Volume I: Encounters,Strategic Simulations,Strategic Simulations,30000,1/1/1989,3/26/2021,Role-Playing
989,Wizard and the Princess,Sierra Online,On-Line Systems,30000,1/1/1980,4/2/2021,Adventure
990,Raster Blaster,BudgeCo,Bill Budge,30000,1/1/1981,4/6/2021,Misc
991,FS1 Flight Simulator,Sublogic,Sublogic,30000,1/1/1979,4/7/2021,Simulation
992,Threshold,Sierra Entertainment,On-Line Systems,30000,1/1/1981,4/5/2022,Shooter
993,The Race Against Time,Codemasters,Codemasters,30000,4/1/1988,4/25/2022,Adventure
994,War of the Lance,Strategic Simulations,"Strategic Simulations, Inc",20000,1/1/1989,3/22/2021,Strategy
995,Rings of Zilfin,Strategic Simulations,Strategic Simulations,20000,1/1/1986,3/25/2021,Role-Playing
996,The Eternal Dagger,Strategic Simulations,Strategic Simulations,20000,1/1/1987,3/25/2021,Role-Playing
997,Roadwar Europa,Strategic Simulations,Strategic Simulations,20000,1/1/1987,3/25/2021,Strategy
998,Apple Panic,Broderbund,Ben Serki,20000,1/1/1981,4/6/2021,Platform
999,Pool 1.5,Innovative Design Software,Innovative Design Software,20000,1/1/1981,4/6/2021,Sports
1000,Menace,Psygnosis,DMA Design,20000,1/1/1988,4/23/2021,Shooter
1001,Twin Breaker: A Sacred Symbols Adventure,Lillymo Games Inc,Lillymo Games Inc,10000,9/23/2020,2/19/2021,Action
1002,Computer Bismarck,Strategic Simulations,"Strategic Simulations, Inc.",10000,2/1/1980,3/24/2021,Strategy
1003,Gemstone Healer,Strategic Simulations,Paradigm Creators,10000,1/1/1986,3/25/2021,Action-Adventure
1004,Shard of Spring,Strategic Simulations,TX Digital Illusions,10000,1/1/1986,3/25/2021,Role-Playing
1005,Realms of Darkness,Strategic Simulations,Strategic Simulations,10000,1/1/1986,3/25/2021,Role-Playing
1006,The Warp Factor,Strategic Simulations,Strategic Simulations,10000,1/1/1980,4/6/2021,Simulation
1007,Horizon V,Gebelli Software,Gebelli Software,10000,1/1/1982,4/6/2021,Misc
1008,Canyon Climber,Tandy Corporation,Steve Bjork,10000,1/1/1982,4/6/2021,Platform
1009,DragonQuest,Enix,Simulations Publications,10000,5/27/1986,4/6/2021,Role-Playing
1010,Rear Guard,Adventure International,Adventure International,0,12/1/1981,4/6/2021,Shooter
1011,Far Cry 6,Ubisoft,Ubisoft Toronto,,10/7/2021,10/28/2020,Shooter
1012,Diablo IV,Blizzard Entertainment,Blizzard Entertainment,,12/1/2022,10/29/2020,Role-Playing
1013,Fallout 3,Bethesda Softworks,Bethesda Game Studios,,10/28/2008,10/30/2020,Role-Playing
1014,Fallout: New Vegas,Bethesda Softworks,Obsidian Entertainment,,10/19/2010,10/30/2020,Role-Playing
1015,Fallout 76,Bethesda Softworks,Bethesda Game Studios,,11/14/2018,10/30/2020,Role-Playing
1016,Medal of Honor: Warfighter,Electronic Arts,Danger Close Games,,10/23/2012,11/2/2020,Shooter
1017,Football Manager 2016,Sega,Sports Interactive,,11/13/2015,11/13/2020,Simulation
1018,Football Manager 2017,Sega,Sports Interactive,,11/4/2016,11/13/2020,Simulation
1019,Ben 10: Power Trip!,Outright Games,PHL Collective,,10/9/2020,11/18/2020,Action-Adventure
1020,Bright Memory,Playism,FYQD Personal Studio,,1/12/2019,12/9/2020,Shooter
1021,Farming Simulator 20,Focus Home Interactive,Giants Software,,12/3/2019,12/18/2020,Simulation
1022,Akiba's Trip: Hellbound & Debriefed,Xseed Games,Acquire,,7/20/2021,2/3/2021,Action
1023,Dracula 4: The Shadow of the Dragon,Anuman,Koalabs Studio,,6/18/2013,3/9/2021,Adventure
1024,Dracula 5: The Blood Legacy,Anuman,Koalabs Studio,,11/2/2013,3/9/2021,Adventure
1025,Railroad Tycoon II,Gathering of Developers,PopTop Software,,11/2/1998,3/12/2021,Simulation
1026,Le Temple perdu de l'oncle Ernest,Emme Interactive,Lexis Numerique,,1/1/2003,3/22/2021,Adventure
1027,La Statuette maudite de l'oncle Ernest,Emme Interactive,Lexis Numerique,,1/1/2004,3/22/2021,Adventure
1028,Comanche,THQ Nordic,NUKKLEAR,,3/12/2020,3/27/2021,Simulation
1029,Edna & Harvey: Harvey's New Eyes,Daedalic Entertainment,Daedalic Entertainment,,8/26/2011,4/1/2021,Adventure
1030,Football Manager 2022,Unknown,Sports Interactive,,,9/11/2021,Simulation
1031,Deltarune Chapter 2,Unknown,Toby Fox,,,12/23/2021,Role-Playing
1032,Days Gone,Sony Interactive Entertainment,SIE Bend Studio,,4/26/2019,1/6/2022,Action-Adventure
1033,ARK II,Unknown,Studio Wildcard,,,6/13/2022,Action-Adventure
1034,Football Manager 2023,Unknown,Sports Interactive,,,10/30/2022,Simulation
